3350 5250
1721 645 1762 705 4

626 849 928 936 pandrum
1010 849 1454 931 citharoedum,
1541 851 1691 915 licet
1756 850 2181 948 αρχαιαώτερον
2247 849 2389 915 ὄντα
2462 850 2562 915 καὶ
2631 848 2857 933 ἄριστον

624 980 736 1040 τῶν
804 978 934 1041 καθ’
999 978 1200 1049 ἑαυτὸν
1262 977 1596 1059 κιθαρῳδῶν,
1643 976 1742 1042 καὶ
1788 981 1901 1051 τῶν
1947 977 2187 1060 ἡρωικῶν
2232 974 2491 1058 πράξεων
2534 975 2859 1051 ἐπαινέτην,

627 1102 1051 1169 multaverunt
1109 1110 1314 1168 tamen
1364 1104 1684 1189 lyramque
1728 1104 1787 1167 ei
1832 1102 2179 1189 ademptam
2230 1101 2458 1188 paxillo
2506 1100 2858 1181 affixerunt,

599 1226 708 1293 ’ὅτι
777 1228 921 1307 μίαν
989 1228 1168 1308 μόνην
1232 1228 1446 1311 χορδὴν
1513 1229 1746 1295 ἐνέτεινε
1804 1215 2220 1313 περισσοτέραν,
2284 1233 2387 1294 τοῦ
2450 1228 2707 1294 ποικίλου
2754 1234 2861 1302 τῆς

627 1359 827 1436 φωνῆς
871 1353 1046 1437 χάριν
1071 1356 1166 1442 1).
2252 1437 2262 1443 .

715 1479 811 1551 Ex
855 1480 1067 1545 eadem
1113 1482 1239 1545 fere
1279 1482 1518 1547 ratione
1557 1485 1825 1569 repetita
1867 1488 2044 1547 erant
2080 1482 2393 1559 instituta,
2418 1480 2647 1565 quibus
2672 1480 2861 1545 Solon

574 1583 580 1589 ’
627 1585 951 1691 prohibere
989 1615 1252 1673 conatus
1294 1615 1406 1688 est,
1463 1610 1798 1693 quominus
1837 1608 2177 1695 popularia,
2202 1630 2387 1693 quam
2414 1607 2865 1685 introduxerat,

575 1700 590 1719 „
628 1732 942 1816 regiminis
989 1733 1182 1797 forma
1229 1734 1294 1797 in
1334 1733 1649 1799 licentiam
1694 1733 1913 1799 abiret.
1952 1733 2184 1799 Narrat
2220 1735 2383 1800 enim
2410 1733 2789 1799 Aristoteles
2814 1732 2862 1819 2)

626 1879 764 1921 eum
814 1858 1166 1939 ὀλιγαρχίαν
1209 1883 1276 1923 τε
1314 1864 1655 1925 καταλῦσαι
1694 1859 1827 1925 λίαν
1850 1858 2113 1945 ,ἄκρατον
2152 1853 2346 1933 οὖσαν,
2373 1858 2476 1925 καὶ
2512 1857 2860 1924 δουλεύοντα
2886 1937 2909 1961 ἡ

625 1970 722 2047 τὸν
745 1982 927 2061 δῆμον
951 1988 1196 2057 παῦσαι,
1225 1983 1328 2049 καὶ
1354 1985 1749 2086 ξημοκρατιάν
1772 1992 2147 2060 καταστῆσαι
2172 1985 2275 2060 τὴν
2299 1984 2552 2067 πάτριον,
2590 1982 2855 2064 μίξαντα

627 2114 824 2182 καλῶς
882 2110 989 2183 τὴν
1044 2110 1361 2176 πολιτείαν·
1405 2105 1543 2176 εἶναι
1589 2110 1705 2192 γὰρ
1752 2111 1857 2185 τὴν
1902 2112 2012 2190 μὲν
2057 2112 2116 2175 ἐν
2162 2110 2362 2193 Ἀρείῳ
2407 2108 2584 2192 πάγῳ
2634 2109 2853 2189 βουλὴν

630 2220 1027 2317 ὀλιγαρχικόν,
1097 2237 1162 2301 τὸ
1223 2234 1286 2301 δὲ
1332 2236 1443 2309 τας
1483 2235 1683 2317 οὶρχοὶς
1731 2235 1962 2318 αἱρετὰς
2007 2236 2489 2318 ἀριστοκρατικόν,
2538 2235 2621 2301 τοὶ
2662 2236 2725 2301 δὲ
2772 2235 2858 2300 δι-

628 2362 914 2443 καστήρια
979 2361 1304 2442 δημοτικόν.
1365 2362 1596 2426 Eodem
1661 2363 1822 2427 redit
1869 2361 2197 2427 Plutarchi
2242 2363 2697 2441 testimonium,
2756 2360 2868 2446 qui

523 2472 528 2480 ⁸
615 2489 1029 2578 ¹Areopagum
1075 2511 1221 2553 eum
1271 2490 1657 2555 confirmasse
1704 2489 1857 2553 dicit
1902 2489 2075 2573 quasi
2120 2489 2429 2554 ἐπίσκοπον
2478 2486 2712 2553 πάντων
2760 2485 2863 2552 καὶ

634 2614 889 2698 φύλακα
931 2620 1043 2681 τῶν
1093 2616 1281 2696 νόμων
1328 2624 1514 2701 atque
1551 2623 1837 2682 senatum
1861 2615 2227 2697 instituisse,
2254 2615 2583 2703 οἰόμενοζν)
2613 2612 2712 2681 ε’πὶ
2737 2612 2869 2681 δυσὶ

632 2741 875 2821 βουλαῖς
931 2741 1110 2823 ὥςπερ
1155 2741 1440 2824 ἀγκύραις
1487 2743 1775 2825 ὁρμοῦσαν
1817 2738 1986 2817 ἧττον
2026 2744 2084 2807 ἐν
2108 2741 2271 2824 σοὶλῳ
2293 2742 2400 2815 τὴν
2424 2742 2589 2808 πόλιν
2613 2740 2871 2816 ἔσεσθαι,

631 2873 735 2931 καὶ
794 2869 1026 2945 μᾶλλον
1092 2868 1464 2950 ἀτρεμοῦντα
1535 2871 1631 2933 τὸν
1702 2869 1886 2943 δῆμον
1947 2866 2209 2951 παρέξειν
2233 2867 2303 2953 3).
2374 2867 2471 2932 'Ex
2533 2867 2629 2932 his
2688 2867 2870 2932 facile

632 2999 889 3081 apparet
953 2993 1016 3057 in
1083 2995 1405 3080 Areopago
1468 2995 1861 3060 instituendo
1923 3017 2055 3059 eam
2104 2994 2367 3059 valuisse
2417 2993 2742 3073 rationem,
2795 3000 2869 3058 ut

634 3124 792 3182 esset
854 3120 1019 3184 unde
1079 3141 1417 3204 paucorum
1479 3121 1819 3186 dominatio
1881 3126 2092 3186 contra
2140 3119 2358 3208 populi
2410 3119 2722 3188 licentiam
2772 3118 2873 3183 de-

631 3243 1014 3310 senderetur.

724 3370 822 3435 Ad
892 3370 1007 3436 hoc
1074 3377 1282 3436 autem
1354 3372 1679 3437 consilium
1744 3373 1821 3436 iis
1878 3377 2125 3437 tantum
2192 3370 2444 3458 patebat
2505 3371 2714 3436 aditus
2760 3370 2871 3455 qui

634 3496 969 3562 Archontis
1017 3520 1275 3563 munere
1312 3499 1514 3564 functi
1563 3507 1767 3564 essent
1813 3500 2099 3586 gestique
2146 3499 2417 3565 rationes
2440 3498 2869 3578 reddidissent,

636 3647 708 3688 eo
768 3624 1073 3689 nimirum
1139 3625 1412 3704 consiliu,
1474 3633 1547 3690 ut
1608 3648 1683 3690 ex
1744 3625 1821 3690 iis
1881 3631 2198 3691 constaret
2257 3626 2423 3704 viris,
2471 3625 2581 3710 qui
2626 3646 2870 3710 genere,

635 3750 856 3837 opibus
918 3758 982 3815 et
1025 3752 1258 3817 virtute
1305 3752 1640 3839 conspicui,
1692 3775 1995 3817 summam
2043 3752 2109 3816 in
2157 3751 2413 3836 reliquis
2461 3749 2699 3815 civibus
2745 3750 2869 3834 vim

638 3898 918 3942 exercere
983 3886 1252 3963 possent.
1318 3877 1425 3942 Illi
1471 3885 1683 3943 autem
1733 3879 2165 3964 Areopagitae,
2212 3900 2479 3963 quorum
2522 3882 2693 3942 tanta
2740 3886 2874 3942 erat

635 4003 1003 4082 auctoritas,
1053 4005 1117 4068 in
1165 4011 1358 4070 totam
1409 4005 1632 4070 civium
1686 4005 1872 4070 vitam
1919 3979 2236 4090 inquirere
2283 4003 2582 4084 solebant,
2630 4004 2748 4084 vel,
2796 4011 2871 4070 ut

635 4126 871 4192 Valerii
932 4128 1192 4194 Maximi
1252 4129 1449 4195 verbis
1521 4138 1683 4209 utar,
1752 4130 2267 4209 „sanctissimum
2331 4129 2661 4196 consilium
2717 4129 2871 4215 quid

698 4401 750 4467 1)
787 4401 919 4451 Plut.
956 4401 1078 4451 lust.
1113 4402 1223 4455 Lao.
1260 4401 1415 4452 xv11.
1688 4376 1740 4468 ε)
1778 4402 1886 4452 Ροι.
1922 4403 1973 4452 11
2011 4402 2089 4453 12.
2359 4402 2414 4468 3)
2448 4401 2551 4452 Sol.
2588 4417 2633 4455 ο.
2672 4402 2754 4453 19.
