3350 5250
1671 594 1750 660 78

569 814 706 886 „ut
752 806 842 871 dii
888 828 988 871 res
1032 804 1252 891 populi
1301 803 1566 869 Romani
1611 808 1915 889 perpetuo
1960 801 2309 867 incolumes
2356 799 2713 865 servaren”
2741 799 2816 883 1).

661 930 812 995 Tam
879 938 1172 1015 corrupta
1241 929 1646 1014 partibusque
1712 927 2050 1023 dilacerata
2112 927 2365 991 civitate
2424 924 2708 989 Tiberius
2756 928 2823 987 et

576 1056 762 1141 CaJus
803 1056 1085 1131 Gracchi,
1128 1056 1192 1118 in
1237 1056 1700 1143 pauperiorum,
1740 1075 2004 1137 quorum
2048 1076 2113 1117 se
2152 1051 2427 1117 fautores
2451 1032 2819 1136 profiteban-

574 1189 702 1261 tur,
745 1182 1007 1265 gratiam
1033 1180 1334 1265 plurimas
1357 1187 1422 1244 et
1446 1179 1733 1264 inprimis
1754 1179 2027 1263 agrarias
2051 1178 2605 1263 promulgaverunt
2627 1175 2817 1259 leges,

577 1305 929 1391 optimates
996 1328 1158 1387 vern,
1233 1328 1415 1370 suum
1483 1306 1666 1369 unice
1730 1305 2122 1369 commodum
2180 1309 2533 1389 spectantes
2580 1323 2819 1367 summa

575 1432 700 1497 ima
769 1438 1118 1509 moverunt,
1190 1454 1268 1495 ne
1338 1430 1505 1515 leges
1573 1430 1718 1494 illae
1765 1430 2226 1515 perferrentur.
2286 1427 2512 1511 Itaque
2572 1424 2819 1492 Tiberio

575 1557 920 1637 interfecto,
984 1534 1179 1640 quum
1228 1554 1414 1640 Gajus
1461 1554 1672 1619 fratris
1719 1554 2071 1639 exemplum
2120 1559 2374 1618 secutus
2420 1558 2605 1632 esset,
2653 1573 2821 1616 eum-

525 1670 532 1677 ’
577 1704 700 1764 que
759 1677 1017 1764 ‚neque
1067 1678 1453 1746 criminando
1491 1758 1498 1765 ¹
1533 1700 1740 1762 neque
1812 1656 2214 1751 ‚tribunorum
2263 1678 2723 1743 'intercessione
2783 1700 2820 1740 a

577 1806 892 1892 proposito
961 1795 1236 1870 avertere
1305 1810 1575 1890 possent,
1643 1826 1758 1889 per
1826 1802 2073 1868 Livium
2140 1804 2416 1869 Drusum
2463 1826 2498 1867 a
2544 1802 2821 1867 Graccho
2876 1798 2880 1802 ’

580 1929 889 2021 populum
949 1936 1368 1993 avocaverunt
1418 1949 1709 2011 eumque,
1756 1950 1793 1991 a
1840 1929 1968 1993 suis
2014 1928 2412 2006 destitutum,
2455 1927 2823 1993 interficien-

579 2054 731 2121 dum
793 2054 1626 2127 curaverunt.-Gracchanis
1689 2054 1913 2119 deinde
1975 2056 2234 2121 devictis
2290 2062 2481 2139 atque
2524 2055 2821 2141 erpulsiS,

586 2179 985 2264 optimatium
1047 2178 1256 2243 factio·
1293 2201 1506 2243 rursus
1569 2179 1632 2243 in
1682 2178 2002 2265 republica
2046 2179 2505 2260 dominabatur,
2553 2202 2822 2264 quorum

582 2304 887 2390 principes
948 2310 1126 2367 erant
1169 2302 1244 2368 L.
1293 2303 1599 2388 OpimiuS,
1650 2306 1737 2367 M.
1790 2304 2097 2369 Aemilius
2146 2306 2435 2383 ScauruS,
2484 2306 2564 2387 Q.
2614 2304 2821 2369 Caeci⁴

581 2429 709 2493 lius
755 2428 1073 2507 Metellus„
1140 2428 1210 2493 P.
1278 2428 1603 2495 Cornelius
1647 2428 1983 2496 Lentulus.
2034 2430 2309 2495 Scaurus
2354 2436 2562 2498 tamen
2612 2438 2821 2496 aucto·

583 2554 768 2621 ritate
815 2576 1027 2619 omnes
1073 2553 1423 2640 superabat,
1481 2554 1634 2619 adeo
1676 2562 1751 2619 ut
1790 2554 1956 2620 haud
1994 2554 2357 2621 dubitanter
2394 2555 2823 2621 affirmaverim

583 2701 725 2743 eum
797 2683 994 2745 totius
1053 2680 1342 2744 factionis
1400 2680 1755 2766 principem·
1805 2681 2013 2746 fuisse.
2050 2680 2344 2746 -Primum
2394 2682 2558 2746 enim
2606 2689 2825 2746 auctor

580 2805 707 2870 fuit
759 2805 1006 2876 senatui
1068 2805 1142 2870 L.
1190 2805 1438 2891 Opimio
1485 2805 1823 2871 mandandi·
1868 2813 1943 2870 ut
1988 2807 2241 2888 videret,
2288 2830 2367 2872 ne
2404 2783 2565 2890 'quid
2612 2829 2821 2892 respu-

587 2929 749 2994 blica
804 2930 1165 2994 detrimenti
1209 2938 1457 3016 capcret
1485 2933 1553 3014 2).
1605 2931 1847 2996 Deinde
1894 2954 2005 3017 per
2052 2932 2283 2996 multos
2330 2955 2527 2997 annos
2572 2939 2824 2996 senatus

584 3054 869 3141 princeps
914 3055 1058 3120 fuit.
1107 3054 1498 3120 Postremum
1549 3055 1785 3136 Cicero,
1832 3057 2225 3141 optimatium
2278 3057 2547 3142 partium
2594 3057 2643 3123 si
2685 3057 2827 3141 quis

585 3179 745 3245 alius
800 3180 1006 3246 fautor
1051 3188 1238 3264 atque
1289 3189 1730 3266 propugnator,
1776 3205 2017 3253 summo
2062 3205 2303 3268 semper
2342 3183 2591 3262 honore,
2637 3182 2825 3248 immo
2906 3253 2910 3257 ,

587 3305 980 3370 veneratione
1021 3306 1240 3371 Scauri
1291 3306 1646 3372 memoriam
1688 3308 2107 3392 prosequitur,
2149 3309 2381 3395 quippe
2411 3331 2595 3392 quem
2612 3309 2825 3388 ,virum

587 3431 891 3514 regendae
937 3401 1835 3516 reipublicae·scientissimum
1888 3442 2063 3498 vocet
2112 3435 2213 3518 (de
2261 3435 2371 3502 Or.
2411 3439 2465 3500 Ι.
2514 3439 2620 3500 49.
2672 3439 2823 3520 214.)

589 3555 898 3620 hominem
961 3557 1301 3641 sapientem
1365 3565 1434 3621 et
1477 3564 1717 3622 rectum
1773 3560 1977 3641 (Brut.
2026 3563 2131 3624 29.
2184 3562 2355 3644 111).
2403 3561 2625 3634 Plures
2661 3561 2829 3628 locos

589 3683 806 3747 afferre
853 3683 1078 3746 omitto
1123 3705 1204 3749 ne
1249 3683 1501 3768 legendi
1547 3683 1826 3748 taedium
1874 3684 2092 3750 lectori
2137 3685 2431 3770 injiciam.

659 4051 720 4116 1).
755 4051 858 4101 Val.
896 4051 1030 4102 Max.
1069 4052 1156 4102 IV.
1199 4053 1242 4102 1.
1283 4053 1358 4104 10.
1394 4052 1555 4102 Aliter
1589 4053 1757 4117 Lange
1787 4053 1875 4103 1.1.
1908 4055 1959 4102 II
1990 4070 2097 4120 pag.
2119 4046 2245 4103 3235
2274 4053 2416 4114 „wie
2434 4055 2546 4104 sehr
2564 4055 2727 4120 Scipio
2742 4055 2849 4108 ,die'

590 4143 775 4192 Gefahr
809 4145 1060 4203 erkannte,
1113 4144 1192 4193 die
1244 4144 1354 4194 dem
1398 4145 1562 4194 Staate
1609 4145 1662 4194 in
1700 4146 1851 4209 Folge
1888 4146 2049 4195 seiner
2078 4147 2390 4211 angesunden
2427 4148 2605 4196 Grdsse
2644 4148 2839 4206 drohte,

590 4235 746 4300 zeigtc
796 4251 848 4284 er
899 4235 1126 4296 dadumh,
1178 4235 1288 4284 dass
1339 4251 1392 4284 er
1445 4235 1530 4285 das
1584 4235 1801 4313 solemne
1846 4237 2142 4302 precationis
2185 4253 2379 4305 carmen
2425 4239 2554 4288 beim
2594 4238 2833 4289 Lustrum
2930 4247 2939 4251 ’

591 4325 906 4379 αδῆηᾱαῐιο.”
1329 4328 1392 4393 2)
1425 4327 1524 4378 Vir.
1562 4327 1637 4381 ill.
1671 4344 1714 4378 c.
1754 4325 1835 4380 72.
