3350 5250
1749 518 1831 580 24

659 734 748 780 mv
783 728 1077 792 πεποιημένα
1111 728 1194 779 καὶ
1225 730 1282 778 τὸ
1317 726 1568 784 „andem”
1604 727 1681 779 Cf.
1716 727 1816 780 Cic.
1850 727 1913 778 de
1948 726 2163 793 legg.11
2198 724 2280 775 25.
2310 723 2403 777 64:
2440 739 2608 791 „nam
2635 724 2699 774 de
2726 722 2930 773 tribus

659 836 857 888 riciniis
888 841 940 886 et
975 807 1217 900 pleraque
1252 835 1339 885 illa
1373 833 1572 884 Solonis
1604 837 1752 884 sunt:
1788 833 1851 884 de
1883 831 2122 883 lamentis
2156 845 2275 881 vero
2307 843 2543 894 expressa
2561 829 2729 878 verbis
2744 831 2889 878 sunt
2902 841 2921 875 :

663 941 910 1016 mulieres.
937 938 1065 990 oet.”
1099 939 1173 989 De
1207 938 1462 988 sententia
1494 937 1557 986 cf.
1576 935 1751 986 Cicero
1779 933 1927 986 1123.
1944 933 2084 1001 592¹„
2100 934 2206 984 Hoc
2226 938 2420 986 veteres
2436 933 2743 996 interpretes
2761 929 2929 981 Sext.
2997 991 3006 996 -

664 1045 855 1109 AeliuS,
893 1045 948 1094 L.
985 1043 1179 1095 Acilius
1211 1058 1318 1094 non
1350 1043 1474 1093 satis
1509 1057 1563 1092 se
1597 1043 1880 1107 intelligere
1912 1041 2173 1103 dixerunt,
2202 1037 2289 1090 sed
2317 1038 2567 1102 suspicari
2600 1035 2929 1087 vestimenti

663 1149 870 1214 aliquod
919 1162 1082 1214 genus
1132 1147 1388 1198 funebris:
1451 1146 1507 1196 L.
1565 1144 1757 1208 AeliuS,
1802 1146 1995 1196 laesum
2035 1143 2185 1208 quasi
2228 1143 2501 1208 lugubrem
2547 1141 2927 1205 ejulationem,

667 1257 730 1302 ut
765 1267 860 1302 vox
895 1252 1004 1316 ipsa
1037 1249 1338 1316 significat.”
1375 1250 1564 1300 Eodem
1599 1250 1819 1300 redeunt
1850 1249 2081 1312 ejusdem
2116 1248 2270 1315 verba
2302 1246 2450 1298 Tusc.
2480 1246 2545 1296 ΙΙ.
2574 1242 2792 1294 23.56.”
2810 1245 2929 1294 In-

549 1423 558 1434 '
665 1356 940 1422 gemiscere
987 1370 1092 1405 non
1140 1369 1432 1424 numquam
1465 1355 1574 1404 viro
1610 1368 1910 1405 concessum
1945 1357 2025 1404 est
2058 1352 2213 1416 idque
2244 1365 2384 1414 raro;
2421 1345 2645 1424 ejulatus
2678 1364 2747 1398 ue
2779 1363 2929 1398 mu-

666 1459 778 1509 lieri
830 1459 1040 1523 quidem
1091 1465 1142 1509 et
1192 1459 1278 1510 hic
1322 1460 1574 1510 nimirum
1621 1465 1699 1510 est
1750 1459 1903 1510 fletus
1936 1472 2095 1524 quem
2133 1457 2231 1536 XIl
2266 1457 2471 1508 tabulae
2502 1455 2559 1506 in
2598 1454 2939 1504 funerubius

670 1537 898 1613 adhiberi
932 1562 1260 1613 vetue1·unt.’‘
1296 1563 1427 1613 pun.
1461 1563 1524 1612 Η.
1559 1563 1624 1614 N.
1657 1563 1731 1612 xl
1766 1560 1833 1612 58
1875 1560 1991 1612 157.
2012 1562 2183 1630 „Infra
2203 1561 2374 1612 oculos
2390 1561 2555 1610 malae
2569 1557 2935 1639 nominitan-

672 1670 804 1730 tum,
853 1681 984 1731 quas
1028 1667 1179 1730 prisci
1224 1682 1380 1732 genas
1423 1667 1686 1728 vocabant,
1722 1665 1821 1716 XII
1854 1665 2151 1716 tabularum
2187 1663 2456 1716 interdicto
2491 1662 2599 1712 radi
2634 1676 2665 1710 a
2698 1660 2933 1710 feminis

673 1768 955 1820 vetantael’
992 1755 1187 1820 Festus.
1223 1769 1280 1818 P.
1315 1767 1414 1820 273
1447 1769 1515 1819 Μ.
1553 1807 1581 1837 „
1596 1769 1794 1820 Radere
1825 1771 2005 1834 g(enas
2038 1769 2258 1820 vetitum
2290 1773 2369 1818 est
2400 1767 2478 1831 in)
2499 1768 2606 1832 lege
2623 1765 2813 1829 X11‚id
2832 1770 2929 1815 aet

677 1872 939 1937 unguibus
977 1873 1220 1938 (lacerare
1253 1873 1469 1937 malas)”
1493 1874 1551 1938 ¹).
1586 1873 1794 1924 Servius
1821 1874 1885 1924 ad
1902 1873 2029 1924 Aen.
2046 1873 2146 1924 XII
2163 1871 2263 1923 606
2282 1908 2328 1941 π.
2348 1910 2360 1923 .
2382 1909 2395 1922 .
2416 1910 2429 1922 .
2446 1878 2619 1922 tamen
2639 1868 2928 1922 sciendum

679 1980 893 2025 cautum
925 1991 1038 2058 esse
1067 1977 1176 2041 lege
1210 1977 1309 2027 XII
1344 1977 1658 2042 tabularum,
1691 1992 1757 2028 ne
1792 1978 2034 2028 mulieres
2066 1982 2332 2042 carperent
2366 1975 2595 2028 faciem.”

764 2099 1004 2144 nomm
1041 2099 1296 2144 mommo
1341 2087 1424 2146 im
1461 2089 1899 2161 ossA'LnGrm,
1950 2100 2078 2160 quo
2116 2101 2265 2146 Posr
2307 2099 2503 2145 runos
2548 2097 2795 2148 mour.

744 2205 1054 2277 Raevardus,
1089 2207 1319 2257 multum
1351 2207 1595 2257 interesse
1622 2207 1901 2273 arbitratus
1928 2208 2065 2258 inter
2098 2221 2243 2257 ossa
2276 2205 2569 2256 hominis
2602 2205 2826 2270 legere
2864 2210 2934 2254 et

675 2324 824 2360 ossa
858 2310 1114 2360 homini
1148 2312 1394 2377 legere,
1431 2317 1645 2363 mutum
1679 2327 1787 2364 esse
1815 2313 1924 2376 lege
1950 2317 2115 2376 putat,
2133 2328 2200 2363 ne
2215 2311 2543 2362 cadaveribus
2558 2311 2925 2360 eximerentur

679 2427 792 2462 ossa
805 2414 1094 2478 ‘quaedam‚
1131 2429 1253 2464 cum
1289 2416 1592 2480 praesertim
1621 2417 1690 2466 sit
1720 2416 1855 2479 apud
1875 2416 2084 2466 Foetum
2102 2431 2221 2466 voce
2240 2415 2551 2466 membrum.
2576 2430 2601 2463 ))
2616 2412 2924 2464 Membrum

675 2517 900 2568 abscindi
934 2523 1140 2569 mortuo
1172 2519 1452 2582 dicebatur,
1485 2535 1606 2570 cum
1639 2521 1830 2586 digitus
1863 2520 1977 2584 ejus
2011 2520 2351 2584 decidebatnr,
2386 2519 2449 2570 ad
2478 2519 2615 2584 quod
2646 2523 2923 2570 servatum

673 2622 814 2687 justa
850 2622 1047 2688 fierent,
1086 2624 1284 2689 reliquo
1317 2640 1524 2689 corpore
1555 2624 1869 2676 combusto.”
1912 2625 2074 2675 Aliter
2108 2623 2383 2675 Huschke:
2424 2623 2569 2691 „Das
2601 2621 2818 2687 ri'chtige
2847 2621 2925 2672 ist

678 2744 842 2793 quor
875 2729 924 2778 d.
957 2729 1010 2777 h.
1045 2744 1342 2793 quorum.
1383 2728 1475 2779 Die
1507 2730 1810 2780 Decemvirn
1844 2729 2049 2779 wollten
2084 2729 2242 2792 nicht,
2274 2730 2392 2779 dass
2421 2743 2579 2793 geg-en
2608 2727 2699 2777 das
2712 2726 2921 2777 Sacral-
2972 2738 2979 2748 ·

679 2831 827 2881 recht
856 2830 956 2880 den
991 2830 1394 2882 Bestanttheilen
1433 2832 1519 2882 des
1552 2832 1730 2883 Leibes
1762 2833 1843 2883 die
1875 2833 2010 2883 Ehre
2042 2832 2133 2893 der
2167 2832 2571 2883 Personlichkeit
2600 2832 2693 2895 (im
2714 2830 2917 2895 Haupt)

682 2935 927 2985 erwiesen
965 2934 1202 2985 werden’'
1222 2936 1285 3003 ἲ).
1310 2936 1570 2999 'Equidem
1606 2936 1857 2987 Raevardi
1891 2936 2367 3000 interpretationem
2386 2935 2747 2985 Huschkianae
2765 2949 2919 2998 prae-

681 3039 858 3101 feram,
908 3038 1158 3088 adductus
1207 3040 1374 3089 verbis
1425 3040 1614 3106 Zoegae
1627 3040 1701 3105 ³):
1752 3077 1781 3106 „
1797 3040 1869 3089 Ex
1920 3044 2142 3103 utroque
2190 3040 2297 3089 loco
2346 3038 2625 3103 (Ciceronis
2667 3044 2721 3089 et
2755 3035 2917 3104 Faeti)

682 3146 818 3191 recte
863 3142 1063 3207 collegit
1108 3142 1494 3193 Kirchmannus
1546 3143 1628 3207 (de
1664 3143 1794 3194 Fun.
1832 3144 1923 3194 111.
1956 3159 1999 3193 c.
2038 3142 2090 3208 7)
2126 3144 2261 3208 apud
2294 3144 2483 3207 priscos
2516 3144 2725 3194 Latinos
2758 3144 2922 3194 moris

683 3245 855 3308 fuisse,
897 3244 1151 3296 cadaveris
1184 3252 1383 3310 partem
1418 3248 1565 3312 quasi
1597 3248 1785 3298 doloris
1818 3248 2063 3297 lenimem
2096 3262 2314 3310 servare,
2350 3246 2414 3296 ad
2449 3262 2609 3311 quam
2640 3252 2753 3310 post
2780 3252 2917 3297 tem-

685 3361 782 3410 pus
819 3347 1025 3411 aliquod
1060 3348 1218 3397 funus
1251 3349 1616 3403 instaurarent.
1653 3349 1795 3409 Quae
1830 3365 1911 3400 res
1946 3349 2279 3400 barbarorum
2314 3350 2501 3400 ritibus
2534 3350 2684 3399 modo
2718 3364 2917 3399 memo-

685 3450 810 3500 ratis
844 3451 1119 3501 admodum
1155 3450 1326 3502 affinis
1364 3452 1582 3502 videtur.
1618 3452 1727 3503 Hoc
1759 3454 1923 3504 vetuit
1958 3455 2036 3504 lex
2058 3452 2188 3504 cet.'’
2209 3453 2426 3503 Proinde
2443 3454 2723 3504 admodum
2742 3468 2918 3505 assen-

686 3553 788 3603 tior
833 3552 1003 3603 Scholl
1049 3554 1153 3605 huc
1198 3556 1553 3619 transponenti
1598 3557 1753 3606 verba
1797 3558 1986 3607 credo
2032 3557 2205 3622 quod
2238 3562 2384 3607 erat
2418 3557 2813 3607 factitatum
2846 3564 2918 3607 ut

688 3658 806 3707 uni
852 3658 1049 3721 plura
1093 3658 1375 3721 fierent,
1422 3660 1721 3723 lectique
1768 3661 1995 3724 plures
2040 3664 2549 3723 sternerentur,
2596 3660 2797 3724 idque
2843 3676 2920 3711 ne

687 3756 890 3811 fieret
923 3762 1069 3827 lege
1103 3768 1407 3812 sanctum
1442 3767 1568 3825 est,
1608 3777 1742 3827 quae
1775 3763 1925 3813 verba
1959 3763 2014 3812 in
2048 3732 2357 3813 editionibus
2392 3766 2505 3826 post
2535 3762 2919 3833 impositam

683 3862 878 3928 jubet
912 3866 1158 3931 leguntur
1175 3866 1236 3930 ⁴).
2766 3864 2769 3866 ’

779 3990 841 4033 a.
905 3966 1119 4035 Cicero
1177 3970 1220 4034 l.
1270 3970 1313 4034 l.
1373 3967 1543 4034 Haec
1588 3976 1911 4057 praeterea
1956 3937 2107 4034 sunt
2146 3969 2212 4033 in
2259 3968 2534 4055 legibus:
2581 3958 2955 4034 servilis*

757 4179 808 4242 l)
845 4179 1103 4244 Supplevit
1137 4180 1195 4229 Ο.
1221 4179 1447 4229 Mueller.
1875 4180 1929 4245 2)
1965 4179 2177 4232 zeitsch.
2214 4180 2249 4231 f.
2286 4178 2515 4244 Rechtsg.
2552 4180 2621 4231 XI
2652 4196 2767 4247 pag.
2802 4182 2917 4232 139.

762 4271 815 4336 3)
848 4270 920 4319 De
953 4270 1185 4321 Obiliscis
1219 4270 1304 4321 IV.
1345 4272 1386 4320 l.
1427 4270 1505 4321 13.
1541 4287 1650 4339 pag.
1687 4270 1801 4323 270.
2198 4273 2253 4337 4)
2289 4272 2407 4336 Pag.
2446 4275 2524 4323 54.
