3350 5250
1657 587 1737 650 62

571 821 735 885 pere,
784 797 952 862 unde
996 797 1188 883 pestis
1233 801 1445 862 exorta
1492 797 1732 883 opimas
1778 819 1916 862 aves
1954 805 2024 861 et
2062 804 2284 884 suopte
2308 820 2565 884 corpore
2589 803 2817 862 unctas

571 923 926 989 devorandi.
988 921 1124 987 Hoc
1185 922 1456 1008 primum
1522 922 1803 1006 antiquis
1862 945 2157 987 cenarum
2203 923 2554 987 interdictis
2601 944 2819 1007 excep·

572 1058 710 1115 tum
780 1050 1030 1116 invenio
1097 1051 1254 1135 jam
1321 1050 1507 1132 lege
1576 1047 1646 1113 G.
1710 1047 2005 1114 Fannii
2064 1050 2477 1129 consulis,
2547 1099 2562 1114 .
2593 1095 2609 1113 .
2638 1098 2653 1114 .
2683 1095 2699 1112 .
2724 1071 2819 1112 nc

570 1176 769 1262 quid
819 1176 1158 1242 volucre
1207 1182 1668 1261 poneretur
1712 1186 2046 1260 praeter
2093 1197 2325 1239 unam
2374 1174 2819 1260 gallinam,

571 1324 778 1387 quac
821 1323 974 1366 non
1022 1306 1239 1366 esset
1285 1299 1634 1365 altilis?

663 1425 895 1491 Athen.
941 1425 985 1491 l.
1031 1426 1076 1490 l.
1142 1473 1182 1504 ‚,
1203 1420 1388 1506 Κρέως
1432 1425 1496 1489 δὲ
1540 1428 1863 1490 καπνιστοῦ
1908 1423 2335 1490 πεντεκαίδεκα
2382 1423 2661 1488 τάλαντα
2708 1423 2817 1488 δα-

573 1555 770 1626 πανᾶν
831 1550 911 1620 εἰς
969 1551 1068 1615 τὸν
1129 1549 1384 1614 ἐνιαυτὸν
1429 1549 1731 1630 ἐπεχώρει,
1778 1547 1882 1614 καὶ
1926 1548 2035 1614 ὅσα
2080 1557 2161 1628 γῆ·
2206 1548 2367 1632 Φέρει
2412 1547 2667 1629 λάχανα
2714 1547 2818 1613 καὶ

549 1673 816 1755 ’ὀσπρίων
864 1674 1177 1754 ἑψήματα.
1186 1672 1221 1702 ”

642 1797 719 1847 Ad
771 1802 1081 1861 sumptuum
1131 1797 1346 1848 modum
1393 1798 1531 1862 quod
1577 1794 1779 1861 attinet,
1812 1799 1869 1848 in
1917 1813 2089 1848 errore
2124 1803 2356 1848 versatus
2390 1803 2469 1848 est
2505 1797 2818 1860 AthenaeuS‚

577 1915 702 1949 nam
749 1897 946 1960 δραχμή
979 1900 1112 1950 valet
1145 1901 1417 1950 denarium
1441 1902 1498 1964 ⁸),
1534 1902 1777 1951 denarius
1812 1907 1991 1952 autem
2025 1908 2274 1967 quattuor
2309 1903 2558 1952 sertestiis
2593 1907 2817 1964 constat3

578 2017 748 2065 quum
778 2007 954 2052 autem
990 2002 1043 2051 in
1075 2003 1371 2064 sesterstium
1405 2004 1737 2054 conferantur
1754 2009 2003 2068 quattuor
2018 2019 2171 2067 asse&
2189 2005 2475 2055 secundum
2493 2004 2822 2054 Athenaeum

579 2106 919 2170 quadraginta
951 2120 1088 2155 asses
1123 2106 1353 2155 Fannius
1387 2107 1683 2170 impendere
1716 2110 1979 2157 concessit.
2015 2108 2113 2158 Sed
2141 2123 2309 2172 quum
2340 2123 2499 2172 supra
2522 2107 2631 2171 jam
2648 2112 2820 2157 osten·

579 2210 810 2259 derimus
860 2225 1021 2273 quam
1074 2209 1350 2262 verisimile
1402 2212 1469 2260 sit
1519 2211 1743 2261 Gellium
1782 2212 1852 2261 ‘in
1906 2213 2300 2263 commentando
2345 2213 2456 2276 ipsa
2500 2211 2625 2276 legis
2670 2211 2826 2260 verba

581 2312 679 2362 suh
725 2313 885 2362 oculis
935 2313 1190 2374 habuisse,
1243 2289 1374 2362 nihil
1425 2315 1574 2364 credo
1619 2316 1802 2378 obstat,
1850 2316 2134 2379 quominus
2180 2315 2430 2366 Athenaei
2467 2314 2825 2365 testimonium

583 2417 804 2468 missum
849 2416 1112 2467 faciamus,
1160 2415 1341 2480 Neque
1388 2417 1484 2466 hos
1527 2417 1812 2481 discrepare
1864 2418 2075 2481 mirum,
2110 2415 2529 2482 quandoquidem
2565 2433 2629 2467 ex
2665 2417 2827 2467 Gellio

583 2524 791 2582 apparet
821 2519 931 2581 jam
966 2518 1101 2582 ipsos
1137 2521 1378 2584 antiquos
1411 2521 1905 2571 commentariorum
1941 2521 1996 2570 in
2032 2521 2291 2572 Lucilium
2318 2509 2589 2585 scriptores
2619 2521 2829 2570 inter-se

582 2623 895 2674 dissensisse.
941 2622 1080 2673 Alios
1124 2623 1374 2687 quosdam
1419 2623 1526 2674 dies
1571 2640 1695 2674 cum
1742 2623 1995 2674 Gronovio
2028 2640 2112 2674 eos
2146 2623 2501 2689 intelligendos
2535 2639 2660 2686 esse,
2696 2638 2827 2687 quos

583 2726 785 2789 publica
831 2728 910 2776 vel
957 2727 1154 2790 privata
1199 2728 1495 2777 solemnitas
1539 2728 1725 2803 faceret
1776 2728 2017 2793 insigneS,
2053 2732 2192 2792 patet
2226 2702 2293 2777 ex,
2325 2728 2435 2792 lege
2471 2726 2682 2790 Licinia,
2716 2742 2823 2791 qua

585 2829 766 2900 diebus
812 2830 1114 2893 nuptiarum
1151 2830 1374 2879 ducenos
1407 2830 1540 2879 aeris
1573 2831 1837 2881 insumere
1870 2831 2069 2881 licebat.
2102 2832 2285 2894 Itaque
2318 2832 2455 2880 inter
2490 2830 2665 2879 decem
2700 2830 2825 2879 alios

582 2934 690 2982 dies
736 2934 1088 2983 numerandae
1132 2937 1256 2982 sunt
1305 2933 1575 2996 Kalendae,
1615 2934 1751 2997 Idus,
1786 2933 1964 2983 Nonae
1997 2939 2048 2983 et
2083 2934 2375 2996 Nundinae,
2411 2934 2602 2997 quippe
2636 2934 2827 2996 quibus

584 3036 698 3083 aliis
733 3050 940 3098 quoque
973 3036 1170 3099 legibus
1205 3035 1424 3098 majores
1458 3036 1717 3099 impensas
1753 3036 1861 3086 fieri
1896 3050 2195 3086 concessum
2230 3040 2375 3085 esset.

1474 3294 1593 3339 LEX
1646 3294 1941 3339 AEMILIA.

683 3519 848 3589 Plin.
898 3520 982 3587 N.
1033 3520 1118 3589 H.
1170 3520 1357 3585 VIII.
1409 3524 1512 3589 57.
1564 3524 1715 3587 223.
1759 3521 2103 3599 „Saurices
2141 3529 2205 3586 et·
2227 3522 2391 3607 ipsos
2418 3520 2619 3584 hiemo
2649 3519 2834 3585 condi

591 3653 809 3712 auctor
870 3653 963 3710 est
1023 3644 1343 3730 Nigidius,
1393 3646 1558 3710 sicut
1609 3645 1821 3731 glires,
1871 3668 2028 3731 quos
2091 3646 2403 3712 censoriae
2448 3647 2617 3729 leges
2663 3645 2833 3731 prin-

593 3792 858 3856 cepsque
927 3768 1016 3833 M.
1081 3768 1352 3834 Scaurus
1414 3771 1480 3834 in
1529 3770 1855 3835 consulatu
1904 3792 2028 3835 non
2078 3770 2201 3834 alio
2252 3768 2432 3834 modo
2458 3769 2654 3848 ,cenis
2700 3767 2837 3831 adc-

667 4050 720 4115 1)
759 4050 834 4101 Cf.
871 4051 1147 4101 Mommsen
1182 4049 1474 4100 Geschichte
1509 4051 1592 4100 des
1626 4052 1765 4104 Rom.
1802 4052 2137 4101 Miinzwesens
2173 4068 2285 4117 pag.
2324 4053 2401 4107 31,
2431 4052 2655 4102 ‚Eandem
2692 4053 2843 4103 ratio·

599 4156 708 4189 nem
762 4141 879 4189 iniit
926 4142 974 4191 J.
1025 4142 1080 4193 F.
1133 4141 1410 4191 Gronovius
1463 4142 1624 4193 Resid.
1676 4159 1779 4206 cap.
1834 4158 1936 4207 pec.
1987 4148 2082 4193 vet.
2132 4159 2241 4207 pag.
2279 4144 2401 4207 6633
2443 4151 2491 4193 et
2527 4143 2839 4195 vehementer

597 4236 730 4280 errat
777 4233 1009 4292 Boxman,
1058 4248 1086 4280 a
1101 4249 1130 4280 u
1144 4249 1169 4280 c
1183 4238 1204 4280 t
1219 4248 1247 4281 o
1261 4248 1284 4281 r
1297 4250 1322 4281 e
1355 4233 1398 4280 G
1415 4249 1438 4281 r
1452 4249 1480 4282 o
1497 4250 1524 4281 n
1541 4249 1568 4281 o
1586 4249 1613 4281 v
1628 4233 1643 4280 i
1659 4250 1688 4281 o
1726 4234 1823 4297 2¹12
1858 4233 2112 4283 drachmas
2149 4235 2212 4282 30
2248 4250 2378 4283 asses
2415 4235 2623 4284 valuisse
2660 4252 2842 4285 asseve-

599 4338 714 4373 rans
745 4324 872 4388 (pag.
908 4324 1010 4384 40).
