3350 5250
1690 579 1775 639 44

697 789 923 873 Itaque
994 787 1277 853 effectum
1341 791 1463 867 est,
1525 791 1628 850 ut·
1657 786 1820 850 inter
1880 785 2213 870 optimates
2276 787 2633 866 ceterosque
2679 782 2851 846 cives

609 920 787 979 tanta
847 914 1022 978 fieret
1083 895 1322 977 morum
1387 912 1864 996 studiorumque
1908 909 2251 986 diversitas,
2298 915 2534 994 quanta
2580 910 2853 974 maxima

614 1063 744 1106 esse
791 1040 1017 1126 potuit.
1069 1038 1260 1120 Quid,
1302 1038 1470 1122 quod
1510 1041 1638 1122 jam
1692 1059 1763 1102 eo
1812 1057 1907 1101 res
1952 1041 2224 1114 venerat,
2274 1040 2348 1099 ut
2386 1054 2663 1099 censores
2700 1037 2850 1100 Sex.

613 1166 832 1232 Aelius
911 1164 1140 1231 Paetus
1229 1172 1294 1228 et
1378 1162 1447 1230 G.
1519 1162 1845 1228 Cornelius
1926 1160 2238 1247 Cethegus
2319 1183 2484 1225 anno
2556 1161 2850 1247 560s194

615 1291 876 1377 gratiam
941 1291 1256 1376 ingentem
1321 1287 1487 1374 apud
1549 1287 1938 1352 nobilitatem
2001 1285 2121 1352 sibi
2181 1294 2491 1372 parerent,
2540 1286 2707 1371 quod
2754 1286 2853 1351 lu-

613 1418 710 1482 dis
777 1405 1074 1481 Ro‘manis
1143 1413 1450 1481 aedilibus
1519 1412 1845 1479 curulibus
1911 1416 2299 1498 imperarunt
2362 1420 2435 1476 ut
2496 1412 2629 1478 loca
2675 1435 2871 1514 sena-x

497 1590 508 1606 ,
613 1543 773 1608 toria
839 1547 1229 1606 secernerent
1297 1563 1332 1604 a
1393 1539 1649 1625 populo,
1698 1561 1893 1624 quum
1944 1544 2125 1604 antea
2171 1539 2237 1603 in
2286 1536 2633 1624 promiscuo
2679 1562 2860 1626 spec-

615 1674 848 1734 tassent
873 1667 966 1752 1)?
1027 1667 1252 1752 Itaque
1308 1667 1708 1752 optimatium
1757 1665 1939 1758 culpa
1984 1665 2289 1752 paulatim
2334 1664 2679 1752 respublica
2726 1666 2855 1731 Ro-

623 1817 803 1860 mana
863 1794 928 1858 in
987 1816 1128 1858 eum
1189 1800 1558 1880 pervenerat
1617 1797 1873 1870 statum,
1925 1813 2109 1877 quem
2173 1790 2472 1878 Polybius
2513 1792 2610 1888 his
2650 1791 2854 1858 verbis

618 1919 943 1986 describit:
1011 1916 1210 1984 Ὀταν
1273 1918 1388 2000 γὰρ
1451 1917 1703 1991 πολλοὺς
1770 1915 1875 1982 καὶ
1936 1915 2239 1996 μεγάλους
2299 1916 2583 1996 κινδύνους
2640 1918 2857 1982 διωσα-

619 2043 766 2124 μένη
827 2043 1090 2109 πολιτεία
1147 2042 1308 2122 μέτα
1350 2047 1548 2108 ταῦτα
1591 2043 1669 2116 εἷς
1702 2041 2005 2124 ’ὑπεροχὴν
2048 2041 2153 2106 καὶ
2200 2042 2543 2107 δυναστείαν
2588 2043 2860 2124 ἀδήριτον

634 2171 946 2253 ἀφίκηται,
995 2170 1242 2251 Φανερὸν
1287 2171 1381 2243 ὦς,
1422 2167 1861 2249 εἶσοικιζομένης
1898 2168 1976 2241 εἷς
2013 2167 2198 2240 αὐτὴν
2236 2166 2335 2232 ἐπὶ
2361 2167 2511 2232 πολὺ
2532 2175 2639 2243 τῆς
2662 2168 2859 2233 εὐδαι-

622 2295 848 2375 μονίας,
906 2293 1221 2373 συμβαίνει
1280 2295 1412 2368 τοὺς
1475 2295 1584 2372 μὲν
1630 2293 1791 2372 βίους
1834 2292 2090 2372 γίνεσθαι
2136 2291 2674 2375 πολυτελεστέρους,
2720 2293 2861 2367 τοὺς
2966 2291 2981 2296 ”

621 2419 676 2486 δ’
724 2419 935 2501 ἄνδρας
973 2418 1449 2502 Φιλονεικοτέρους
1489 2424 1591 2484 τοῦ
1638 2418 1858 2492 δέοντος
1904 2417 2032 2500 περὶ
2078 2443 2146 2482 τε
2190 2416 2302 2490 τοὶς
2346 2417 2546 2498 ἀρχὰς
2592 2416 2697 2483 καὶ
2743 2421 2862 2492 τοὶς

623 2543 820 2617 ἄλλας
877 2543 1184 2623 ἐπιβολὰς.
1230 2541 1365 2608 ‘nv
1411 2543 1832 2624 προβαινόντων
1878 2543 1977 2608 ἐπὶ
2023 2542 2218 2616 πλέον,
2266 2540 2421 2623 ἄρξει
2461 2545 2570 2621 μὲν
2610 2543 2718 2617 τῆς
2754 2543 2861 2608 ἐπὶ

623 2671 688 2735 τὸ
732 2678 923 2753 χεῖρον
967 2669 1315 2749 μεταβολῆς
1361 2672 1395 2743 ἦ
1442 2670 1747 2752 Φιλαρχία
1792 2670 1890 2734 και
1933 2671 2000 2735 τὸ
2044 2676 2151 2743 τῆς
2196 2666 2434 2744 ἀδοξίας
2470 2668 2692 2745 ὄνειδος,
2720 2672 2863 2750 πρὸς

624 2796 688 2861 δὲ
743 2794 962 2869 τούτοις
1020 2798 1054 2869 ἦ
1117 2793 1244 2877 περὶ
1268 2795 1423 2867 ,τοὺς
1469 2795 1628 2873 βίους
1673 2793 1987 2875 οὶλαζονεία
2032 2793 2137 2859 καὶ
2181 2794 2551 2869 πολυτέλεια,
2597 2796 2861 2877 λήψεται

628 2921 691 2986 δὲ
735 2922 840 2995 τὴν
885 2920 1219 3002 ἐπιγραφὴν
1267 2926 1373 2994 τῆς
1419 2920 1837 2999 μεταβολῆς,ὖ
1883 2920 2086 2998 δῆμος,
2136 2918 2274 2985 ὅταν
2320 2921 2427 3003 ὑφ’
2470 2916 2543 2985 ὧν
2582 2919 2694 2999 μὲν
2726 2922 2861 2986 0231-

629 3048 844 3115 κεῖσθαι
891 3045 1027 3129 δόξῃ
1073 3048 1171 3112 διὰ
1214 3046 1320 3120 τὴν
1365 3044 1698 3121 πλεονεξίαν
1738 3046 1845 3128 ὑφ’
1887 3042 1959 3109 ὧν
1996 3047 2059 3111 δὲ
2096 3046 2368 3127 χαυνωθῇ
2408 3045 2863 3123 κολακευόμενος

630 3172 728 3237 διὰ
786 3171 891 3245 τὴν
950 3171 1300 3254 Φιλαρχῖαν.
1349 3150 1506 3236 Τότε
1550 3170 1665 3253 γὰρ
1712 3168 2074 3250 ἐξοργισθεὶς,
2122 3170 2219 3235 καὶ
2267 3171 2427 3252 θυμῷ
2470 3170 2673 3236 πάντα
2718 3171 2861 3251 βου-

631 3296 954 3376 λευόμενος,
993 3296 1179 3362 οὐκέτι
1218 3298 1438 3371 θελήσει
1476 3298 1834 3377 πειθαρχεῖν,
1873 3296 1989 3361 οὐδ’
2030 3293 2146 3360 ἴσον
2170 3293 2333 3376 ἔχειν.
2350 3304 2474 3370 τοῖς
2497 3286 2862 3378 ὤροωτῶσιν,

631 3422 800 3487 ἀλλὰ
844 3427 967 3486 πᾶν
1010 3420 1113 3487 καὶ
1160 3423 1226 3487 τὸ
1272 3428 1549 3487 πλεῖστον
1593 3421 1813 3495 αὖτὸς”
1842 3424 1911 3507 5³).

721 3546 800 3612 In
871 3546 985 3613 hoc
1053 3553 1260 3612 autem
1323 3546 1676 3611 discrimine
1739 3568 1861 3611 non
1922 3547 2171 3613 defuere
2230 3545 2491 3626 nobiles,
2554 3547 2666 3632 qui
2716 3547 2860 3611 mali

633 3672 1061 3756 contagionem
1123 3678 1505 3736 antevertere
1551 3678 1949 3737 conarentur.
1996 3670 2161 3735 Nam
2208 3692 2402 3755 quum
2450 3694 2590 3758 pars
2640 3672 2861 3737 nobili-

633 3799 799 3879 tatis,
845 3799 1023 3885 cujus
1067 3799 1370 3886 principes
1417 3790 1595 3864 erant
1641 3797 1869 3884 Scipio,
1916 3796 2325 3877 Flamininus,
2374 3796 2635 3863 Fulvius
2672 3797 2863 3864 Nobi-

633 4048 724 4099 111.
760 4048 806 4099 6.
843 4048 896 4108 1;
934 4047 1038 4098 Liv.
1075 4048 1248 4098 XXIX.
1286 4050 1361 4099 19.
1407 4049 1468 4097 16
1480 4070 1493 4108 3
1533 4049 1592 4099 de
1624 4047 1872 4099 Flaminio
1908 4048 2047 4099 Plut.
2082 4047 2241 4098 Flam.
2274 4064 2377 4113 cap.
2410 4050 2457 4108 2,
2495 4051 2539 4099 5.
2560 4050 2633 4099 De
2651 4054 2757 4099 tota
2774 4050 2864 4099 hac

633 4144 792 4190 aetate
826 4140 934 4189 vide
969 4139 1194 4198 Gerlach,
1227 4140 1286 4189 P.
1315 4139 1573 4190 Cornelius
1607 4140 1773 4205 Scipio
1810 4140 2073 4189 Africanus
2100 4139 2186 4188 der
2216 4138 2419 4190 Aeltere
2456 4140 2557 4191 und
2575 4144 2709 4191 aeine
2730 4143 2865 4201 Zeit3

637 4233 822 4283 Rovers
855 4232 913 4282 de
949 4231 1217 4283 censorum
1253 4232 1546 4283 auctoritate
1584 4239 1634 4283 et
1667 4232 2033 4282 existimatione
2069 4247 2178 4296 pag.
2214 4231 2278 4280 83
2315 4248 2442 4297 seqq.

710 4322 762 4390 1)
798 4322 906 4377 Liv.
939 4322 1155 4375 XXXIV.
1191 4325 1270 4374 44.
1736 4322 1790 4389 2)
1826 4322 1909 4375 v1.
1949 4321 2011 4375 57
2046 4319 2324 4391 (Hultsch).'
