3350 5250
1485 572 1566 634 41

340 771 590 853 debere,
643 775 780 840 sed
827 775 1080 852 divitiis
1118 775 1412 841 virtutem
1450 798 1670 842 ornare
1710 774 2090 840 viderentur.
2116 772 2255 840 Hoc
2276 773 2641 841 institutum

339 919 530 982 quam
607 900 1002 986 diligenter
1061 901 1250 966 etiam
1309 910 1523 989 postea
1583 901 1785 967 secuti
1848 901 1995 978 sint,
2042 900 2333 986 colligere
2379 900 2528 966 licet
2572 921 2647 964 ex

338 1024 899 1122 narratiuncula,
957 1048 1118 1112 quae
1163 1027 1398 1112 legitur
1443 1026 1610 1114 apud
1655 1025 1909 1092 Livium
1950 1025 2065 1108 IX,
2113 1029 2213 1090 19.
2242 1024 2455 1108 Quum
2482 1026 2645 1092 enim

339 1151 598 1234 equites
653 1153 1034 1238 aliquando
1079 1176 1116 1218 a
1160 1151 1408 1238 Papirio
1459 1151 1725 1218 Cursore
1771 1151 2073 1218 dictatore
2112 1157 2415 1238 peterent,
2464 1158 2535 1216 ut
2572 1151 2650 1216 iis

339 1297 457 1361 pro
508 1300 586 1342 re
639 1278 837 1345 bene
881 1285 1057 1365 gesta
1101 1278 1337 1364 aliquid
1384 1278 1614 1344 laboris
1657 1278 1917 1358 laxaret,
1963 1275 2282 1363 respondit
2327 1276 2472 1342 illst
2523 1300 2647 1358 „ne

343 1403 516 1466 nihil
582 1406 958 1470 remissum
1018 1404 1261 1486 dicatis,
1320 1406 1570 1472 remitto
1615 1428 1695 1470 ne
1741 1405 1964 1490 utiquc
2009 1404 2259 1473 dorsum
2306 1403 2651 1470 demulcea-

345 1529 454 1608 tis„
508 1551 758 1614 quum
807 1553 888 1597 ex
934 1531 1112 1617 equis
1159 1532 1604 1598 descendetis.”
1651 1531 1751 1598 Sic
1790 1532 1976 1600 ctiam
2000 1555 2161 1598 anno
2191 1532 2477 1618 502j252
2504 1553 2650 1617 qua·

350 1653 727 1742 dringenti
791 1658 1034 1742 equites
1080 1659 1298 1724 aerarii
1345 1659 1491 1724 facti
1535 1667 1687 1732 sunt
1732 1681 1769 1724 a
1812 1650 1905 1726 M.
1954 1657 2204 1724 Valerio
2252 1665 2317 1724 et
2362 1657 2433 1726 P.
2482 1661 2648 1725 Sem·

359 1782 609 1866 pronio
723 1783 1104 1865 censoribus,
1168 1785 1319 1870 quia
1385 1785 1449 1850 in
1521 1783 1793 1850 Siciliam
1864 1785 1941 1851 ad
2012 1785 2433 1850 munitionum
2495 1807 2651 1872 opus

369 1910 862 1996 explicandum
907 1890 1014 1977 ¹ire
1055 1879 1246 1997 jussi,
1300 1911 1500 1979 facere
1560 1911 1623 1976 id
1688 1911 2091 1998 neglexerant
2116 1913 2183 1994 1).
2235 1910 2417 1976 Unde
2464 1911 2651 1978 simul

375 2039 727 2121 sequitur,
793 2059 918 2124 quo
986 2039 1182 2124 magis
1239 2037 1481 2104 nobiles
1540 2046 1883 2103 crescerent
1926 2039 2289 2124 arrogantia
2334 2045 2398 2104 et
2444 2061 2653 2126 super·

376 2158 514 2241 bia,
571 2186 661 2229 eo
715 2164 928 2251 plures
976 2162 1168 2228 fuisse
1212 2162 1322 2248 qui
1371 2170 1620 2249 propter
1665 2163 1915 2230 divitias
1961 2185 2025 2227 se
2070 2162 2288 2249 dignos
2333 2169 2651 2248 putarent,

380 2289 502 2370 qui
580 2291 820 2356 ceteris
888 2289 1125 2356 civibus
1184 2296 1735 2377 praeponerentur.
1798 2291 2007 2376 Hujus
2066 2291 2154 2355 rei
2218 2290 2417 2355 multa
2463 2290 2649 2356 etiam

385 2413 516 2479 alia
583 2423 843 2482 exstant
899 2415 1148 2496 indicia,
1209 2389 1470 2500 quorum
1539 2439 1735 2481 unum
1798 2415 2136 2481 alterumve
2183 2414 2296 2480 hoc
2340 2416 2474 2481 loco
2519 2439 2653 2504 pro-

387 2537 562 2606 ferre
612 2565 842 2631 operae
890 2537 1160 2629 pretium
1213 2541 1477 2607 videtur.

417 2652 428 2667 ⁸
491 2668 724 2750 Quum
772 2667 837 2733 O.
887 2668 1290 2755 Sempronius
1337 2668 1596 2734 Blaesus
1643 2666 1755 2733 Cn.
1806 2667 2027 2734 Fulvio
2070 2667 2149 2734 ob
2196 2668 2537 2733 exercitum
2587 2668 2649 2733 in

401 2794 655 2884 Apulia
715 2778 1007 2862 amissum
1057 2795 1221 2860 diem
1266 2795 1502 2862 diceret
1546 2817 1710 2859 anno
1760 2795 2070 2881 543s211‚
2120 2795 2185 2859 in
2226 2794 2513 2860 contione
2560 2794 2655 2859 his

402 2920 619 2989 verbis
649 2952 656 2959 ·
682 2944 828 2987 usus
891 2928 1020 2987 est:
1083 2922 1368 3000 „facinus
1426 2922 1759 3007 indignum
1806 2944 1956 3001 esse,
2004 2919 2383 2985 Cannensem
2433 2921 2657 2987 exerci-

406 3051 576 3133 tum,
633 3048 799 3133 quod
859 3070 932 3111 ex
985 3048 1113 3112 acie
1159 3047 1412 3133 fugerit,
1459 3049 1523 3112 in
1569 3048 1843 3113 Siciliam
1888 3049 2305 3133 deportatum,
2354 3070 2432 3112 ne
2480 3047 2655 3133 prius

413 3170 567 3239 inde
615 3172 989 3252 dimittatur,
1035 3196 1223 3258 quam
1273 3174 1464 3239 hostis
1509 3196 1580 3238 ex
1631 3173 1817 3239 Italia
1864 3174 2211 3254 decesserit,
2250 3180 2315 3237 et
2354 3172 2468 3238 hoc
2490 3172 2653 3238 idem

413 3296 482 3361 in
551 3298 666 3363 On.
714 3298 921 3364 Fulvii
969 3298 1320 3384 legionibus
1363 3302 1563 3385 nup‘er
1608 3300 1964 3377 decretum3
2012 3296 2124 3364 On.
2178 3298 2401 3364 Fulvio
2445 3297 2652 3385 fugam

415 3444 493 3488 ex
565 3424 816 3511 praelio,
884 3425 1082 3511 ipsius
1149 3426 1502 3491 temeritate
1565 3426 1907 3507 commisso,
1974 3394 2347 3513 impunitam
2397 3448 2545 3506 esse,
2594 3432 2700 3492 et⁷

423 3548 584 3615 eum*
642 3550 716 3622 in¹
771 3546 968 3636 ganea
1037 3550 1394 3636 lustrisque,
1461 3550 1570 3616 ubi
1627 3552 1951 3637 juventam
2016 3551 2212 3637 egerit
2272 3557 2655 3617 senectutem

423 3676 751 3763 acturumj
823 3675 1074 3758 milites,
1142 3676 1256 3761 qui
1322 3676 1484 3741 nihil
1554 3677 1726 3742 aliud
1795 3677 2211 3763 peccaverint,
2258 3699 2444 3761 quam
2491 3676 2656 3761 quod

423 3801 815 3889 imperatoris
863 3800 1094 3867 similes
1142 3801 1395 3879 fuerint,
1442 3803 1745 3888 relegatos
1793 3825 1979 3889 prope
2023 3802 2088 3867 in
2132 3803 2443 3881 exsilium,
2484 3803 2659 3888 igno-

423 3920 748 3992 miniosam
823 3927 962 4017 pati·
1027 3927 1334 3993 militiam.
1405 3928 1623 3993 Adeo
1698 3929 2085 4016 imparem
2171 3927 2657 4004 libertatem

421 4056 722 4119 Romae
782 4052 945 4117 diti
1007 4076 1091 4119 ac
1150 4056 1531 4143 pauperi,
1590 4054 1992 4120 honorato
2036 4061 2282 4139 atque
2327 4054 2658 4119 inhono-

497 4329 548 4394 1)
587 4330 690 4379 vai.
731 4330 867 4380 Max.
903 4330 972 4381 11.
1010 4332 1056 4381 9.
1092 4328 1140 4382 7.
1175 4310 1252 4381 cf.
1287 4330 1463 4399 From,
1495 4330 1648 4383 strat.
1684 4329 1767 4381 lv,
1808 4330 1853 4380 1.
1889 4330 1969 4382 22.
