<?xml version="1.0" encoding="UTF-8"?>
<!DOCTYPE html PUBLIC "-//W3C//DTD XHTML 1.0 Transitional//EN"
    "http://www.w3.org/TR/xhtml1/DTD/xhtml1-transitional.dtd">
<html xmlns="http://www.w3.org/1999/xhtml" xml:lang="en" lang="en">
 <head>
  <title>
</title>
<meta http-equiv="Content-Type" content="text/html;charset=utf-8" />
  <meta name='ocr-system' content='tesseract 3.04.00' />
  <meta name='ocr-capabilities' content='ocr_page ocr_carea ocr_par ocr_line ocrx_word'/>
</head>
<body>
  <div class='ocr_page' id='page_1' title='image "./deromanorumlegi00houwgoog_0045.png"; bbox 0 0 3350 5250; ppageno 0'>
   <div class='ocr_carea' id='block_1_1' title="bbox 1411 513 1496 576">
    <p class='ocr_par' dir='ltr' id='par_1_1' title="bbox 1411 513 1496 576">
     <span class='ocr_line' id='line_1_1' title="bbox 1411 513 1496 576; baseline 0 0"><span class='ocrx_word' id='word_1_1' title='bbox 1411 513 1496 576; x_wconf 78' lang='lat'><strong>33</strong></span> 
     </span>
    </p>
   </div>
   <div class='ocr_carea' id='block_1_2' title="bbox 289 719 2693 3699">
    <p class='ocr_par' dir='ltr' id='par_1_2' title="bbox 289 719 2693 3699">
     <span class='ocr_line' id='line_1_2' title="bbox 380 719 2589 810; baseline 0.002 -26"><span class='ocrx_word' id='word_1_2' title='bbox 380 719 760 788; x_wconf 82' lang='lat' dir='ltr'><strong>Cornelius</strong></span> <span class='ocrx_word' id='word_1_3' title='bbox 829 722 1054 810; x_wconf 86' lang='lat' dir='ltr'><strong>Nepus</strong></span> <span class='ocrx_word' id='word_1_4' title='bbox 1121 723 1186 788; x_wconf 90' lang='lat' dir='ltr'><strong>in</strong></span> <span class='ocrx_word' id='word_1_5' title='bbox 1257 723 1383 788; x_wconf 80' lang='lat' dir='ltr'><strong>vita</strong></span> <span class='ocrx_word' id='word_1_6' title='bbox 1444 721 1703 788; x_wconf 86' lang='lat' dir='ltr'><strong>Catonis</strong></span> <span class='ocrx_word' id='word_1_7' title='bbox 1764 745 1817 786; x_wconf 90' lang='lat' dir='ltr'><strong>c.</strong></span> <span class='ocrx_word' id='word_1_8' title='bbox 1878 725 1938 790; x_wconf 80' lang='lat'><strong>2.</strong></span> <span class='ocrx_word' id='word_1_9' title='bbox 1986 722 2133 802; x_wconf 82' lang='lat' dir='ltr'><strong>„At</strong></span> <span class='ocrx_word' id='word_1_10' title='bbox 2178 719 2332 787; x_wconf 85' lang='lat' dir='ltr'><strong>Cato</strong></span> <span class='ocrx_word' id='word_1_11' title='bbox 2376 743 2589 788; x_wconf 86' lang='lat' dir='ltr'><strong>censor</strong></span> 
     </span>
     <span class='ocr_line' id='line_1_3' title="bbox 291 847 2587 935; baseline 0.001 -25"><span class='ocrx_word' id='word_1_12' title='bbox 291 867 432 910; x_wconf 88' lang='lat' dir='ltr'><strong>cum</strong></span> <span class='ocrx_word' id='word_1_13' title='bbox 500 847 756 913; x_wconf 83' lang='lat' dir='ltr'><strong>eodem</strong></span> <span class='ocrx_word' id='word_1_14' title='bbox 817 849 1043 914; x_wconf 77' lang='lat' dir='ltr'><strong>Flacco</strong></span> <span class='ocrx_word' id='word_1_15' title='bbox 1101 847 1326 928; x_wconf 84' lang='lat' dir='ltr'><strong>factus,</strong></span> <span class='ocrx_word' id='word_1_16' title='bbox 1375 870 1583 914; x_wconf 84' lang='lat' dir='ltr'><strong>severe</strong></span> <span class='ocrx_word' id='word_1_17' title='bbox 1632 847 1904 934; x_wconf 81' lang='lat' dir='ltr'><strong>praefuit</strong></span> <span class='ocrx_word' id='word_1_18' title='bbox 1955 849 2011 912; x_wconf 92' lang='lat' dir='ltr'><strong>ei</strong></span> <span class='ocrx_word' id='word_1_19' title='bbox 2056 851 2387 935; x_wconf 80' lang='lat' dir='ltr'><strong>potestati3</strong></span> <span class='ocrx_word' id='word_1_20' title='bbox 2446 869 2587 912; x_wconf 85' lang='lat' dir='ltr'><strong>nam</strong></span> 
     </span>
     <span class='ocr_line' id='line_1_4' title="bbox 291 971 2588 1061; baseline 0.002 -29"><span class='ocrx_word' id='word_1_21' title='bbox 291 975 354 1032; x_wconf 89' lang='lat' dir='ltr'><strong>et</strong></span> <span class='ocrx_word' id='word_1_22' title='bbox 397 971 468 1034; x_wconf 86' lang='lat' dir='ltr'><strong>in</strong></span> <span class='ocrx_word' id='word_1_23' title='bbox 523 974 914 1061; x_wconf 83' lang='lat' dir='ltr'><strong>complures</strong></span> <span class='ocrx_word' id='word_1_24' title='bbox 959 973 1198 1040; x_wconf 87' lang='lat' dir='ltr'><strong>nobiles</strong></span> <span class='ocrx_word' id='word_1_25' title='bbox 1244 971 1702 1052; x_wconf 82' lang='lat' dir='ltr'><strong>animadvertit,</strong></span> <span class='ocrx_word' id='word_1_26' title='bbox 1755 980 1819 1037; x_wconf 91' lang='lat' dir='ltr'><strong>et</strong></span> <span class='ocrx_word' id='word_1_27' title='bbox 1866 971 2097 1038; x_wconf 88' lang='lat' dir='ltr'><strong>multas</strong></span> <span class='ocrx_word' id='word_1_28' title='bbox 2143 995 2237 1039; x_wconf 85' lang='lat' dir='ltr'><strong>res</strong></span> <span class='ocrx_word' id='word_1_29' title='bbox 2285 994 2473 1038; x_wconf 84' lang='lat' dir='ltr'><strong>novas</strong></span> <span class='ocrx_word' id='word_1_30' title='bbox 2522 973 2588 1037; x_wconf 90' lang='lat' dir='ltr'><strong>in</strong></span> 
     </span>
     <span class='ocr_line' id='line_1_5' title="bbox 290 1067 2584 1185; baseline 0.002 -28"><span class='ocrx_word' id='word_1_31' title='bbox 290 1093 589 1162; x_wconf 84' lang='lat' dir='ltr'><strong>edictum</strong></span> <span class='ocrx_word' id='word_1_32' title='bbox 630 1099 690 1184; x_wconf 89' lang='lat'><strong>¹)</strong></span> <span class='ocrx_word' id='word_1_33' title='bbox 741 1067 1008 1176; x_wconf 80' lang='lat' dir='ltr'><strong>addidit,</strong></span> <span class='ocrx_word' id='word_1_34' title='bbox 1055 1121 1180 1184; x_wconf 87' lang='lat' dir='ltr'><strong>qua</strong></span> <span class='ocrx_word' id='word_1_35' title='bbox 1225 1121 1292 1163; x_wconf 90' lang='lat' dir='ltr'><strong>re</strong></span> <span class='ocrx_word' id='word_1_36' title='bbox 1335 1099 1587 1164; x_wconf 84' lang='lat' dir='ltr'><strong>luxuria</strong></span> <span class='ocrx_word' id='word_1_37' title='bbox 1634 1098 2094 1185; x_wconf 80' lang='lat' dir='ltr'><strong>reprimeretur,</strong></span> <span class='ocrx_word' id='word_1_38' title='bbox 2134 1119 2294 1184; x_wconf 85' lang='lat' dir='ltr'><strong>quae</strong></span> <span class='ocrx_word' id='word_1_39' title='bbox 2334 1105 2584 1163; x_wconf 82' lang='lat' dir='ltr'><strong>tantum</strong></span> 
     </span>
     <span class='ocr_line' id='line_1_6' title="bbox 289 1220 2585 1311; baseline 0.003 -27"><span class='ocrx_word' id='word_1_40' title='bbox 289 1220 547 1307; x_wconf 75' lang='lat' dir='ltr'><strong>incepit</strong></span> <span class='ocrx_word' id='word_1_41' title='bbox 603 1225 999 1310; x_wconf 86' lang='lat' dir='ltr'><strong>pullulare.”</strong></span> <span class='ocrx_word' id='word_1_42' title='bbox 1046 1225 1146 1290; x_wconf 84' lang='lat' dir='ltr'><strong>Of.</strong></span> <span class='ocrx_word' id='word_1_43' title='bbox 1191 1224 1403 1311; x_wconf 81' lang='lat' dir='ltr'><strong>Polyb.</strong></span> <span class='ocrx_word' id='word_1_44' title='bbox 1449 1226 1683 1291; x_wconf 87' lang='lat' dir='ltr'>XXXI</span> <span class='ocrx_word' id='word_1_45' title='bbox 1728 1229 1834 1290; x_wconf 78' lang='lat'><strong>24.</strong></span> <span class='ocrx_word' id='word_1_46' title='bbox 1881 1275 1921 1299; x_wconf 89' lang='grc'><strong>,,</strong></span> <span class='ocrx_word' id='word_1_47' title='bbox 1946 1223 2153 1290; x_wconf 72' lang='grc' dir='ltr'><em>Κρίτων</em></span> <span class='ocrx_word' id='word_1_48' title='bbox 2202 1263 2288 1274; x_wconf 91' lang='grc'><strong>-</strong></span> <span class='ocrx_word' id='word_1_49' title='bbox 2333 1222 2585 1304; x_wconf 73' lang='grc' dir='ltr'><em>ἐδυσχέ-</em></span> 
     </span>
     <span class='ocr_line' id='line_1_7' title="bbox 292 1316 2583 1432; baseline 0.002 -22"><span class='ocrx_word' id='word_1_50' title='bbox 292 1369 451 1426; x_wconf 86' lang='grc' dir='ltr'><em>ραινε</em></span> <span class='ocrx_word' id='word_1_51' title='bbox 517 1346 623 1414; x_wconf 72' lang='grc' dir='ltr'><strong>ὅτι</strong></span> <span class='ocrx_word' id='word_1_52' title='bbox 693 1351 844 1424; x_wconf 80' lang='grc' dir='ltr'><em>τινὲς</em></span> <span class='ocrx_word' id='word_1_53' title='bbox 898 1349 1010 1423; x_wconf 70' lang='grc' dir='ltr'><strong>τὰς</strong></span> <span class='ocrx_word' id='word_1_54' title='bbox 1053 1347 1284 1426; x_wconf 71' lang='grc' dir='ltr'><em>ξενικοῖς</em></span> <span class='ocrx_word' id='word_1_55' title='bbox 1326 1349 1557 1432; x_wconf 72' lang='grc' dir='ltr'><em>τρυφὰς</em></span> <span class='ocrx_word' id='word_1_56' title='bbox 1603 1349 1915 1428; x_wconf 74' lang='grc' dir='ltr'><em>είςήγαγον</em></span> <span class='ocrx_word' id='word_1_57' title='bbox 1960 1348 2041 1423; x_wconf 82' lang='grc' dir='ltr'><strong>εἷς</strong></span> <span class='ocrx_word' id='word_1_58' title='bbox 2087 1349 2192 1422; x_wconf 71' lang='grc' dir='ltr'><strong>τὴν</strong></span> <span class='ocrx_word' id='word_1_59' title='bbox 2239 1316 2451 1428; x_wconf 78' lang='grc' dir='ltr'><em>Ρώμην</em></span> <span class='ocrx_word' id='word_1_60' title='bbox 2500 1387 2583 1398; x_wconf 88' lang='lat'><strong>——-</strong></span> 
     </span>
     <span class='ocr_line' id='line_1_8' title="bbox 297 1472 2585 1557; baseline 0.001 -23"><span class='ocrx_word' id='word_1_61' title='bbox 297 1472 698 1553; x_wconf 69' lang='grc' dir='ltr'><strong><em>ὠνησάμενοι</em></strong></span> <span class='ocrx_word' id='word_1_62' title='bbox 742 1473 1016 1557; x_wconf 68' lang='grc' dir='ltr'><em>μειράκια</em></span> <span class='ocrx_word' id='word_1_63' title='bbox 1061 1473 1333 1557; x_wconf 80' lang='grc' dir='ltr'><em>εὔμορφα</em></span> <span class='ocrx_word' id='word_1_64' title='bbox 1373 1473 1858 1557; x_wconf 79' lang='grc' dir='ltr'><em>ὑπερβαλλούσης</em></span> <span class='ocrx_word' id='word_1_65' title='bbox 1902 1474 2095 1556; x_wconf 69' lang='grc' dir='ltr'><em>ἀγρῶν</em></span> <span class='ocrx_word' id='word_1_66' title='bbox 2135 1474 2379 1555; x_wconf 77' lang='grc' dir='ltr'><em>τιμῆς.”</em></span> <span class='ocrx_word' id='word_1_67' title='bbox 2410 1472 2585 1556; x_wconf 79' lang='lat' dir='ltr'><strong>Quid</strong></span> 
     </span>
     <span class='ocr_line' id='line_1_9' title="bbox 304 1599 2589 1682; baseline 0.003 -22"><span class='ocrx_word' id='word_1_68' title='bbox 304 1605 536 1664; x_wconf 85' lang='lat' dir='ltr'><strong>autem</strong></span> <span class='ocrx_word' id='word_1_69' title='bbox 610 1602 683 1666; x_wconf 89' lang='lat' dir='ltr'><strong>in</strong></span> <span class='ocrx_word' id='word_1_70' title='bbox 729 1601 1004 1668; x_wconf 89' lang='lat' dir='ltr'><strong>edictum</strong></span> <span class='ocrx_word' id='word_1_71' title='bbox 1052 1601 1363 1667; x_wconf 79' lang='lat' dir='ltr'><strong>addiderit</strong></span> <span class='ocrx_word' id='word_1_72' title='bbox 1406 1600 1582 1682; x_wconf 85' lang='lat' dir='ltr'><strong>Cato,</strong></span> <span class='ocrx_word' id='word_1_73' title='bbox 1631 1600 1813 1678; x_wconf 80' lang='lat' dir='ltr'><strong>docet</strong></span> <span class='ocrx_word' id='word_1_74' title='bbox 1862 1599 2081 1666; x_wconf 85' lang='lat' dir='ltr'><strong>Livius</strong></span> <span class='ocrx_word' id='word_1_75' title='bbox 2126 1601 2430 1666; x_wconf 87' lang='lat' dir='ltr'>XXXIX</span> <span class='ocrx_word' id='word_1_76' title='bbox 2482 1603 2589 1666; x_wconf 78' lang='lat'><strong>44.</strong></span> 
     </span>
     <span class='ocr_line' id='line_1_10' title="bbox 309 1721 2591 1812; baseline 0.001 -26"><span class='ocrx_word' id='word_1_77' title='bbox 309 1721 452 1798; x_wconf 87' lang='lat' dir='ltr'><strong>„In</strong></span> <span class='ocrx_word' id='word_1_78' title='bbox 525 1726 834 1792; x_wconf 77' lang='lat' dir='ltr'><strong>censibus</strong></span> <span class='ocrx_word' id='word_1_79' title='bbox 894 1747 1144 1812; x_wconf 88' lang='lat' dir='ltr'><strong>quoque</strong></span> <span class='ocrx_word' id='word_1_80' title='bbox 1203 1726 1578 1812; x_wconf 71' lang='lat' dir='ltr'><strong>accipiendis</strong></span> <span class='ocrx_word' id='word_1_81' title='bbox 1637 1726 1837 1790; x_wconf 83' lang='lat' dir='ltr'><strong>tristis</strong></span> <span class='ocrx_word' id='word_1_82' title='bbox 1887 1729 1948 1791; x_wconf 88' lang='lat' dir='ltr'><strong>et</strong></span> <span class='ocrx_word' id='word_1_83' title='bbox 1996 1747 2209 1812; x_wconf 86' lang='lat' dir='ltr'><strong>aspera</strong></span> <span class='ocrx_word' id='word_1_84' title='bbox 2262 1726 2349 1791; x_wconf 80' lang='lat' dir='ltr'><strong>in·</strong></span> <span class='ocrx_word' id='word_1_85' title='bbox 2378 1746 2591 1790; x_wconf 88' lang='lat' dir='ltr'><strong>omnes</strong></span> 
     </span>
     <span class='ocr_line' id='line_1_11' title="bbox 315 1847 2587 1918; baseline 0.002 -9"><span class='ocrx_word' id='word_1_86' title='bbox 315 1847 592 1916; x_wconf 82' lang='lat' dir='ltr'><strong>ordines</strong></span> <span class='ocrx_word' id='word_1_87' title='bbox 621 1852 1052 1918; x_wconf 78' lang='lat' dir='ltr'><strong>censurafuit.</strong></span> <span class='ocrx_word' id='word_1_88' title='bbox 1095 1850 1255 1917; x_wconf 90' lang='lat' dir='ltr'><strong>Orn</strong></span> <span class='ocrx_word' id='word_1_89' title='bbox 1279 1859 1597 1918; x_wconf 86' lang='lat' dir='ltr'><strong>amenta</strong></span> <span class='ocrx_word' id='word_1_90' title='bbox 1637 1858 1715 1915; x_wconf 91' lang='lat' dir='ltr'><strong>et</strong></span> <span class='ocrx_word' id='word_1_91' title='bbox 1755 1859 2057 1916; x_wconf 84' lang='lat' dir='ltr'><strong>vestem</strong></span> <span class='ocrx_word' id='word_1_92' title='bbox 2100 1849 2587 1916; x_wconf 78' lang='lat' dir='ltr'><strong>muliebrem</strong></span> 
     </span>
     <span class='ocr_line' id='line_1_12' title="bbox 321 1969 2595 2065; baseline 0.004 -31"><span class='ocrx_word' id='word_1_93' title='bbox 321 1979 400 2035; x_wconf 82' lang='lat' dir='ltr'><strong>et</strong></span> <span class='ocrx_word' id='word_1_94' title='bbox 470 1976 910 2056; x_wconf 79' lang='lat' dir='ltr'><strong>vehicula,</strong></span> <span class='ocrx_word' id='word_1_95' title='bbox 973 1999 1179 2060; x_wconf 80' lang='lat' dir='ltr'><strong>quae</strong></span> <span class='ocrx_word' id='word_1_96' title='bbox 1236 1977 1424 2065; x_wconf 85' lang='lat' dir='ltr'><strong>plus</strong></span> <span class='ocrx_word' id='word_1_97' title='bbox 1483 1999 1719 2062; x_wconf 84' lang='lat' dir='ltr'><strong>quam</strong></span> <span class='ocrx_word' id='word_1_98' title='bbox 1784 1977 1907 2042; x_wconf 88' lang='lat' dir='ltr'><strong>XV</strong></span> <span class='ocrx_word' id='word_1_99' title='bbox 1956 1969 2316 2042; x_wconf 83' lang='lat' dir='ltr'><strong>millium</strong></span> <span class='ocrx_word' id='word_1_100' title='bbox 2366 1977 2595 2042; x_wconf 84' lang='lat' dir='ltr'><strong>aeris</strong></span> 
     </span>
     <span class='ocr_line' id='line_1_13' title="bbox 321 2103 2693 2190; baseline 0.003 -29"><span class='ocrx_word' id='word_1_101' title='bbox 321 2111 655 2185; x_wconf 84' lang='lat' dir='ltr'><strong>essent,</strong></span> <span class='ocrx_word' id='word_1_102' title='bbox 720 2103 1056 2169; x_wconf 79' lang='lat' dir='ltr'><strong>deciens</strong></span> <span class='ocrx_word' id='word_1_103' title='bbox 1116 2104 1394 2190; x_wconf 87' lang='lat' dir='ltr'><strong>pluris</strong></span> <span class='ocrx_word' id='word_1_104' title='bbox 1439 2104 1518 2168; x_wconf 88' lang='lat' dir='ltr'><strong>in</strong></span> <span class='ocrx_word' id='word_1_105' title='bbox 1566 2125 1892 2170; x_wconf 87' lang='lat' dir='ltr'><strong>censum</strong></span> <span class='ocrx_word' id='word_1_106' title='bbox 1941 2103 2244 2168; x_wconf 84' lang='lat' dir='ltr'><strong>referri</strong></span> <span class='ocrx_word' id='word_1_107' title='bbox 2284 2104 2592 2190; x_wconf 85' lang='lat' dir='ltr'><strong>jurato·</strong></span> <span class='ocrx_word' id='word_1_108' title='bbox 2686 2129 2693 2136; x_wconf 95' lang='lat'><em>·</em></span> 
     </span>
     <span class='ocr_line' id='line_1_14' title="bbox 328 2218 2592 2316; baseline 0.001 -26"><span class='ocrx_word' id='word_1_109' title='bbox 328 2246 460 2290; x_wconf 88' lang='lat' dir='ltr'><strong>res</strong></span> <span class='ocrx_word' id='word_1_110' title='bbox 530 2230 790 2314; x_wconf 84' lang='lat' dir='ltr'><strong>jussi;</strong></span> <span class='ocrx_word' id='word_1_111' title='bbox 853 2231 1049 2295; x_wconf 88' lang='lat' dir='ltr'><strong>item</strong></span> <span class='ocrx_word' id='word_1_112' title='bbox 1113 2231 1524 2316; x_wconf 87' lang='lat' dir='ltr'><strong>mancipia</strong></span> <span class='ocrx_word' id='word_1_113' title='bbox 1587 2218 1904 2296; x_wconf 81' lang='lat' dir='ltr'><strong>minora</strong></span> <span class='ocrx_word' id='word_1_114' title='bbox 1964 2229 2199 2294; x_wconf 88' lang='lat' dir='ltr'><strong>annis</strong></span> <span class='ocrx_word' id='word_1_115' title='bbox 2244 2228 2592 2315; x_wconf 81' lang='lat' dir='ltr'><strong>viginti,</strong></span> 
     </span>
     <span class='ocr_line' id='line_1_15' title="bbox 332 2352 2594 2440; baseline 0 -24"><span class='ocrx_word' id='word_1_116' title='bbox 332 2371 552 2434; x_wconf 78' lang='lat' dir='ltr'><strong>quae</strong></span> <span class='ocrx_word' id='word_1_117' title='bbox 621 2363 804 2440; x_wconf 88' lang='lat' dir='ltr'><strong>post</strong></span> <span class='ocrx_word' id='word_1_118' title='bbox 862 2355 1315 2440; x_wconf 80' lang='lat' dir='ltr'><strong>proximum</strong></span> <span class='ocrx_word' id='word_1_119' title='bbox 1377 2354 1745 2420; x_wconf 87' lang='lat' dir='ltr'><strong>lustrum</strong></span> <span class='ocrx_word' id='word_1_120' title='bbox 1809 2356 1875 2420; x_wconf 92' lang='lat' dir='ltr'>X</span> <span class='ocrx_word' id='word_1_121' title='bbox 1936 2352 2311 2420; x_wconf 85' lang='lat' dir='ltr'><strong>millibus</strong></span> <span class='ocrx_word' id='word_1_122' title='bbox 2376 2356 2594 2418; x_wconf 87' lang='lat' dir='ltr'><strong>aeris</strong></span> 
     </span>
     <span class='ocr_line' id='line_1_16' title="bbox 331 2477 2586 2567; baseline 0.002 -28"><span class='ocrx_word' id='word_1_123' title='bbox 331 2485 484 2542; x_wconf 81' lang='lat' dir='ltr'><strong>aut</strong></span> <span class='ocrx_word' id='word_1_124' title='bbox 551 2477 830 2567; x_wconf 77' lang='lat' dir='ltr'><strong>pl&#39;uris</strong></span> <span class='ocrx_word' id='word_1_125' title='bbox 891 2503 978 2545; x_wconf 87' lang='lat' dir='ltr'><strong>eo</strong></span> <span class='ocrx_word' id='word_1_126' title='bbox 1041 2481 1506 2561; x_wconf 85' lang='lat' dir='ltr'><strong>venissent,</strong></span> <span class='ocrx_word' id='word_1_127' title='bbox 1569 2478 1695 2545; x_wconf 90' lang='lat' dir='ltr'><strong>uti</strong></span> <span class='ocrx_word' id='word_1_128' title='bbox 1756 2501 1841 2544; x_wconf 88' lang='lat' dir='ltr'><strong>ea</strong></span> <span class='ocrx_word' id='word_1_129' title='bbox 1884 2501 2208 2563; x_wconf 90' lang='lat' dir='ltr'><strong>quoque</strong></span> <span class='ocrx_word' id='word_1_130' title='bbox 2252 2479 2586 2545; x_wconf 83' lang='lat' dir='ltr'><strong>deciens</strong></span> 
     </span>
     <span class='ocr_line' id='line_1_17' title="bbox 339 2589 2587 2695; baseline 0.003 -28"><span class='ocrx_word' id='word_1_131' title='bbox 339 2611 581 2675; x_wconf 81' lang='lat' dir='ltr'><strong>tanto</strong></span> <span class='ocrx_word' id='word_1_132' title='bbox 655 2608 964 2695; x_wconf 73' lang='lat' dir='ltr'><strong>pluria,</strong></span> <span class='ocrx_word' id='word_1_133' title='bbox 1035 2632 1268 2693; x_wconf 86' lang='lat' dir='ltr'><strong>quam</strong></span> <span class='ocrx_word' id='word_1_134' title='bbox 1337 2589 1634 2695; x_wconf 71' lang='lat' dir='ltr'><strong>quanti</strong></span> <span class='ocrx_word' id='word_1_135' title='bbox 1695 2615 2007 2687; x_wconf 86' lang='lat' dir='ltr'><strong>essent,</strong></span> <span class='ocrx_word' id='word_1_136' title='bbox 2074 2608 2587 2674; x_wconf 84' lang='lat' dir='ltr'><strong>aestimaren-</strong></span> 
     </span>
     <span class='ocr_line' id='line_1_18' title="bbox 335 2734 2587 2824; baseline 0.003 -30"><span class='ocrx_word' id='word_1_137' title='bbox 335 2736 521 2824; x_wconf 77' lang='lat' dir='ltr'><strong>t-ur,</strong></span> <span class='ocrx_word' id='word_1_138' title='bbox 587 2743 662 2799; x_wconf 86' lang='lat' dir='ltr'><strong>et</strong></span> <span class='ocrx_word' id='word_1_139' title='bbox 723 2734 848 2799; x_wconf 88' lang='lat' dir='ltr'><strong>his</strong></span> <span class='ocrx_word' id='word_1_140' title='bbox 911 2735 1156 2799; x_wconf 82' lang='lat' dir='ltr'><strong>rebus</strong></span> <span class='ocrx_word' id='word_1_141' title='bbox 1216 2734 1596 2800; x_wconf 86' lang='lat' dir='ltr'><strong>omnibus</strong></span> <span class='ocrx_word' id='word_1_142' title='bbox 1664 2735 1880 2800; x_wconf 84' lang='lat' dir='ltr'><strong>terni</strong></span> <span class='ocrx_word' id='word_1_143' title='bbox 1926 2734 2007 2799; x_wconf 89' lang='lat' dir='ltr'><strong>in</strong></span> <span class='ocrx_word' id='word_1_144' title='bbox 2058 2734 2587 2801; x_wconf 85' lang='lat' dir='ltr'><strong>millia·aeris</strong></span> 
     </span>
     <span class='ocr_line' id='line_1_19' title="bbox 339 2858 2587 2944; baseline 0.004 -26"><span class='ocrx_word' id='word_1_145' title='bbox 339 2858 1084 2926; x_wconf 85' lang='lat' dir='ltr'><strong>attribuerentur.&#39;&#39;</strong></span> <span class='ocrx_word' id='word_1_146' title='bbox 1150 2859 1242 2925; x_wconf 82' lang='lat' dir='ltr'><strong>Cf.</strong></span> <span class='ocrx_word' id='word_1_147' title='bbox 1304 2858 1675 2925; x_wconf 83' lang='lat' dir='ltr'><strong>Plutarchus</strong></span> <span class='ocrx_word' id='word_1_148' title='bbox 1706 2858 1859 2924; x_wconf 67' lang='lat' dir='ltr'><strong>Cat.</strong></span> <span class='ocrx_word' id='word_1_149' title='bbox 1910 2858 2060 2944; x_wconf 86' lang='lat' dir='ltr'><strong>Maj.</strong></span> <span class='ocrx_word' id='word_1_150' title='bbox 2113 2881 2163 2925; x_wconf 90' lang='lat' dir='ltr'><strong>c.</strong></span> <span class='ocrx_word' id='word_1_151' title='bbox 2222 2862 2321 2923; x_wconf 91' lang='lat'><strong>18.</strong></span> <span class='ocrx_word' id='word_1_152' title='bbox 2370 2861 2587 2935; x_wconf 86' lang='grc' dir='ltr'><em>,,Τοὺς</em></span> 
     </span>
     <span class='ocr_line' id='line_1_20' title="bbox 343 2981 2588 3068; baseline 0.001 -21"><span class='ocrx_word' id='word_1_153' title='bbox 343 2981 404 3047; x_wconf 76' lang='grc' dir='ltr'><strong>δὲ</strong></span> <span class='ocrx_word' id='word_1_154' title='bbox 472 2987 784 3060; x_wconf 72' lang='grc' dir='ltr'><em>πλείστους</em></span> <span class='ocrx_word' id='word_1_155' title='bbox 851 2986 1050 3061; x_wconf 81' lang='grc' dir='ltr'><em>ἠνίασε</em></span> <span class='ocrx_word' id='word_1_156' title='bbox 1111 2986 1386 3066; x_wconf 68' lang='grc' dir='ltr'><em>μάλιστα</em></span> <span class='ocrx_word' id='word_1_157' title='bbox 1449 2995 1521 3068; x_wconf 71' lang='grc' dir='ltr'><strong>τῇ</strong></span> <span class='ocrx_word' id='word_1_158' title='bbox 1583 2994 1859 3068; x_wconf 72' lang='grc' dir='ltr'><em>περικοπῇ</em></span> <span class='ocrx_word' id='word_1_159' title='bbox 1917 2994 2026 3060; x_wconf 80' lang='grc' dir='ltr'><strong>τῆς</strong></span> <span class='ocrx_word' id='word_1_160' title='bbox 2071 2987 2470 3061; x_wconf 76' lang='grc' dir='ltr'><em>πολυτελείαις,</em></span> <span class='ocrx_word' id='word_1_161' title='bbox 2521 2984 2588 3060; x_wconf 75' lang='grc' dir='ltr'><strong>ἤν</strong></span> 
     </span>
     <span class='ocr_line' id='line_1_21' title="bbox 344 3106 2585 3195; baseline 0.002 -24"><span class='ocrx_word' id='word_1_162' title='bbox 344 3106 613 3193; x_wconf 77' lang='grc' dir='ltr'><em>ἄντικρυς</em></span> <span class='ocrx_word' id='word_1_163' title='bbox 673 3112 782 3190; x_wconf 79' lang='grc' dir='ltr'><strong>μὲν</strong></span> <span class='ocrx_word' id='word_1_164' title='bbox 841 3112 1193 3195; x_wconf 67' lang='grc' dir='ltr'><em>ἀφελέσθαι,</em></span> <span class='ocrx_word' id='word_1_165' title='bbox 1257 3110 1630 3189; x_wconf 78' lang='grc' dir='ltr'><em>νενοσηκότων</em></span> <span class='ocrx_word' id='word_1_166' title='bbox 1690 3111 1798 3187; x_wconf 76' lang='grc' dir='ltr'><strong>ἤδη</strong></span> <span class='ocrx_word' id='word_1_167' title='bbox 1862 3110 1965 3177; x_wconf 77' lang='grc' dir='ltr'><em>καὶ</em></span> <span class='ocrx_word' id='word_1_168' title='bbox 2014 3112 2439 3195; x_wconf 74' lang='grc' dir='ltr'><em>διεφθαρμένων</em></span> <span class='ocrx_word' id='word_1_169' title='bbox 2486 3112 2585 3175; x_wconf 81' lang='grc' dir='ltr'><em>ὑπ’</em></span> 
     </span>
     <span class='ocr_line' id='line_1_22' title="bbox 350 3230 2588 3323; baseline 0.002 -26"><span class='ocrx_word' id='word_1_170' title='bbox 350 3237 540 3313; x_wconf 79' lang='grc' dir='ltr'><em>αὐτῆς</em></span> <span class='ocrx_word' id='word_1_171' title='bbox 607 3242 723 3303; x_wconf 82' lang='grc' dir='ltr'><strong>τῶν</strong></span> <span class='ocrx_word' id='word_1_172' title='bbox 791 3241 1042 3323; x_wconf 78' lang='grc' dir='ltr'><em>πολλῶν,</em></span> <span class='ocrx_word' id='word_1_173' title='bbox 1112 3230 1397 3303; x_wconf 67' lang='grc' dir='ltr'><em>ἀδύνατον</em></span> <span class='ocrx_word' id='word_1_174' title='bbox 1453 3234 1538 3313; x_wconf 76' lang='grc' dir='ltr'><strong>ἦν,</strong></span> <span class='ocrx_word' id='word_1_175' title='bbox 1604 3238 1799 3320; x_wconf 81' lang='grc' dir='ltr'><em>κύκλῳ</em></span> <span class='ocrx_word' id='word_1_176' title='bbox 1858 3239 1921 3304; x_wconf 78' lang='grc' dir='ltr'><strong>δὲ</strong></span> <span class='ocrx_word' id='word_1_177' title='bbox 1980 3239 2197 3321; x_wconf 76' lang='grc' dir='ltr'><em>περιιὼν</em></span> <span class='ocrx_word' id='word_1_178' title='bbox 2256 3238 2588 3321; x_wconf 64' lang='grc' dir='ltr'><em>ἠνάγκαζεν</em></span> 
     </span>
     <span class='ocr_line' id='line_1_23' title="bbox 350 3361 2590 3443; baseline 0.002 -19"><span class='ocrx_word' id='word_1_179' title='bbox 350 3361 702 3439; x_wconf 74' lang='grc' dir='ltr'><em>ἐσθῆτος,</em></span> <span class='ocrx_word' id='word_1_180' title='bbox 749 3364 1201 3443; x_wconf 73' lang='grc' dir='ltr'><em>ὀχήματος,</em></span> <span class='ocrx_word' id='word_1_181' title='bbox 1249 3363 1545 3443; x_wconf 83' lang='grc' dir='ltr'><em>κόσμου</em></span> <span class='ocrx_word' id='word_1_182' title='bbox 1591 3364 2078 3443; x_wconf 70' lang='grc' dir='ltr'><em>γυναικείου,</em></span> <span class='ocrx_word' id='word_1_183' title='bbox 2127 3369 2410 3430; x_wconf 79' lang='grc' dir='ltr'><em>σκευῶν</em></span> <span class='ocrx_word' id='word_1_184' title='bbox 2450 3370 2590 3430; x_wconf 82' lang='grc' dir='ltr'><strong>τῶν</strong></span> 
     </span>
     <span class='ocr_line' id='line_1_24' title="bbox 351 3485 2590 3579; baseline 0.003 -30"><span class='ocrx_word' id='word_1_185' title='bbox 351 3488 524 3573; x_wconf 78' lang='grc' dir='ltr'><em>περὶ</em></span> <span class='ocrx_word' id='word_1_186' title='bbox 587 3489 943 3579; x_wconf 76' lang='grc' dir='ltr'><em>δίαιταν,</em></span> <span class='ocrx_word' id='word_1_187' title='bbox 1006 3485 1092 3554; x_wconf 74' lang='grc' dir='ltr'><strong>ὧν</strong></span> <span class='ocrx_word' id='word_1_188' title='bbox 1153 3489 1488 3556; x_wconf 71' lang='grc' dir='ltr'><em>ἕκαστον</em></span> <span class='ocrx_word' id='word_1_189' title='bbox 1548 3490 1628 3555; x_wconf 79' lang='grc' dir='ltr'><strong>τὸ</strong></span> <span class='ocrx_word' id='word_1_190' title='bbox 1690 3490 2006 3569; x_wconf 76' lang='grc' dir='ltr'><em>τίμημα</em></span> <span class='ocrx_word' id='word_1_191' title='bbox 2051 3490 2426 3572; x_wconf 73' lang='grc' dir='ltr'><em>δραχμὰς</em></span> <span class='ocrx_word' id='word_1_192' title='bbox 2470 3513 2590 3571; x_wconf 83' lang='grc' dir='ltr'><strong>χι-</strong></span> 
     </span>
     <span class='ocr_line' id='line_1_25' title="bbox 353 3593 2588 3699; baseline 0.002 -22"><span class='ocrx_word' id='word_1_193' title='bbox 353 3593 529 3689; x_wconf 79' lang='grc' dir='ltr'><em>λίας</em></span> <span class='ocrx_word' id='word_1_194' title='bbox 613 3614 743 3681; x_wconf 79' lang='grc' dir='ltr'><em>καὶ</em></span> <span class='ocrx_word' id='word_1_195' title='bbox 826 3616 1360 3691; x_wconf 76' lang='grc' dir='ltr'><em>πεντακοσίας</em></span> <span class='ocrx_word' id='word_1_196' title='bbox 1445 3616 1963 3699; x_wconf 78' lang='grc' dir='ltr'><em>ὑπερέβαλεν,</em></span> <span class='ocrx_word' id='word_1_197' title='bbox 2031 3617 2588 3696; x_wconf 67' lang='grc' dir='ltr'><em>ἀποτιμᾶσθαι</em></span> 
     </span>
    </p>
   </div>
   <div class='ocr_carea' id='block_1_3' title="bbox 355 3737 2590 3825">
    <p class='ocr_par' dir='ltr' id='par_1_3' title="bbox 355 3737 2590 3825">
     <span class='ocr_line' id='line_1_26' title="bbox 355 3737 2590 3825; baseline 0.001 -21"><span class='ocrx_word' id='word_1_198' title='bbox 355 3740 486 3815; x_wconf 68' lang='grc' dir='ltr'><strong>τὴν</strong></span> <span class='ocrx_word' id='word_1_199' title='bbox 547 3737 780 3816; x_wconf 72' lang='grc' dir='ltr'><em>ἀξίαν</em></span> <span class='ocrx_word' id='word_1_200' title='bbox 838 3742 947 3816; x_wconf 81' lang='grc' dir='ltr'><strong>εἰς</strong></span> <span class='ocrx_word' id='word_1_201' title='bbox 999 3742 1081 3809; x_wconf 82' lang='grc' dir='ltr'><strong>τὸ</strong></span> <span class='ocrx_word' id='word_1_202' title='bbox 1127 3741 1716 3818; x_wconf 68' lang='grc' dir='ltr'><em>δεκαπλάσιον,</em></span> <span class='ocrx_word' id='word_1_203' title='bbox 1763 3741 2113 3822; x_wconf 85' lang='grc' dir='ltr'><em>βουλόμενος</em></span> <span class='ocrx_word' id='word_1_204' title='bbox 2157 3744 2276 3810; x_wconf 73' lang='grc' dir='ltr'><em>απὸ</em></span> <span class='ocrx_word' id='word_1_205' title='bbox 2322 3742 2590 3825; x_wconf 83' lang='grc' dir='ltr'><em>μειζόνων</em></span> 
     </span>
    </p>
   </div>
   <div class='ocr_carea' id='block_1_4' title="bbox 364 3908 658 3919">
    <p class='ocr_par' dir='ltr' id='par_1_4' title="bbox 364 3908 658 3919">
     <span class='ocr_line' id='line_1_27' title="bbox 364 3908 658 3919; baseline 0 1331"><span class='ocrx_word' id='word_1_206' title='bbox 364 3908 658 3919; x_wconf 95' lang='lat' dir='ltr'><strong> </strong></span> 
     </span>
    </p>
   </div>
   <div class='ocr_carea' id='block_1_5' title="bbox 359 4002 2593 4343">
    <p class='ocr_par' dir='ltr' id='par_1_5' title="bbox 359 4002 2593 4343">
     <span class='ocr_line' id='line_1_28' title="bbox 429 4002 2593 4068; baseline -0.001 -15"><span class='ocrx_word' id='word_1_207' title='bbox 429 4002 482 4068; x_wconf 90' lang='lat'><strong>1)</strong></span> <span class='ocrx_word' id='word_1_208' title='bbox 519 4002 711 4062; x_wconf 79' lang='lat' dir='ltr'><strong>Jarcke,</strong></span> <span class='ocrx_word' id='word_1_209' title='bbox 746 4002 846 4051; x_wconf 83' lang='lat' dir='ltr'><strong>Das</strong></span> <span class='ocrx_word' id='word_1_210' title='bbox 879 4002 1020 4053; x_wconf 86' lang='lat' dir='ltr'><strong>Ceus.</strong></span> <span class='ocrx_word' id='word_1_211' title='bbox 1055 4002 1330 4053; x_wconf 79' lang='lat' dir='ltr'><strong>Strafreeht</strong></span> <span class='ocrx_word' id='word_1_212' title='bbox 1362 4003 1449 4052; x_wconf 81' lang='lat' dir='ltr'><strong>der</strong></span> <span class='ocrx_word' id='word_1_213' title='bbox 1477 4002 1655 4053; x_wconf 64' lang='lat' dir='ltr'><strong>Rbmer</strong></span> <span class='ocrx_word' id='word_1_214' title='bbox 1688 4018 1795 4068; x_wconf 83' lang='lat' dir='ltr'><strong>pag.</strong></span> <span class='ocrx_word' id='word_1_215' title='bbox 1834 4002 2083 4061; x_wconf 78' lang='lat'><strong>112,113.</strong></span> <span class='ocrx_word' id='word_1_216' title='bbox 2104 4002 2175 4052; x_wconf 89' lang='lat' dir='ltr'><strong>De</strong></span> <span class='ocrx_word' id='word_1_217' title='bbox 2193 4002 2415 4052; x_wconf 85' lang='lat' dir='ltr'><strong>censorio</strong></span> <span class='ocrx_word' id='word_1_218' title='bbox 2433 4002 2593 4051; x_wconf 80' lang='lat' dir='ltr'><strong>edicto</strong></span> 
     </span>
     <span class='ocr_line' id='line_1_29' title="bbox 360 4088 2593 4160; baseline -0 -17"><span class='ocrx_word' id='word_1_219' title='bbox 360 4095 414 4144; x_wconf 86' lang='lat' dir='ltr'><strong>iu</strong></span> <span class='ocrx_word' id='word_1_220' title='bbox 465 4094 744 4144; x_wconf 78' lang='lat' dir='ltr'><strong>un1versum</strong></span> <span class='ocrx_word' id='word_1_221' title='bbox 800 4088 909 4143; x_wconf 68' lang='lat' dir='ltr'><strong>&#39;vide</strong></span> <span class='ocrx_word' id='word_1_222' title='bbox 942 4095 1216 4144; x_wconf 78' lang='lat' dir='ltr'><strong>Mommsen</strong></span> <span class='ocrx_word' id='word_1_223' title='bbox 1257 4096 1316 4144; x_wconf 88' lang='lat' dir='ltr'><strong>R.</strong></span> <span class='ocrx_word' id='word_1_224' title='bbox 1356 4095 1402 4144; x_wconf 92' lang='lat' dir='ltr'><strong>S.</strong></span> <span class='ocrx_word' id='word_1_225' title='bbox 1440 4110 1547 4159; x_wconf 83' lang='lat' dir='ltr'><strong>pag.</strong></span> <span class='ocrx_word' id='word_1_226' title='bbox 1589 4095 1688 4143; x_wconf 79' lang='lat'><strong>360</strong></span> <span class='ocrx_word' id='word_1_227' title='bbox 1724 4100 1773 4143; x_wconf 88' lang='lat' dir='ltr'><strong>et</strong></span> <span class='ocrx_word' id='word_1_228' title='bbox 1808 4094 1860 4142; x_wconf 85' lang='lat' dir='ltr'><strong>iu</strong></span> <span class='ocrx_word' id='word_1_229' title='bbox 1894 4094 2069 4160; x_wconf 77' lang='lat' dir='ltr'><strong>primis</strong></span> <span class='ocrx_word' id='word_1_230' title='bbox 2104 4109 2155 4144; x_wconf 89' lang='lat' dir='ltr'><strong>n.</strong></span> <span class='ocrx_word' id='word_1_231' title='bbox 2194 4096 2239 4143; x_wconf 80' lang='lat'><strong>5.</strong></span> <span class='ocrx_word' id='word_1_232' title='bbox 2277 4093 2349 4142; x_wconf 88' lang='lat' dir='ltr'><strong>De</strong></span> <span class='ocrx_word' id='word_1_233' title='bbox 2386 4092 2593 4143; x_wconf 81' lang='lat' dir='ltr'><strong>Catonis</strong></span> 
     </span>
     <span class='ocr_line' id='line_1_30' title="bbox 359 4184 2592 4253; baseline -0.001 -16"><span class='ocrx_word' id='word_1_234' title='bbox 359 4187 515 4237; x_wconf 81' lang='lat' dir='ltr'><strong>edicto</strong></span> <span class='ocrx_word' id='word_1_235' title='bbox 549 4188 612 4239; x_wconf 85' lang='lat' dir='ltr'><strong>cf.</strong></span> <span class='ocrx_word' id='word_1_236' title='bbox 648 4186 994 4238; x_wconf 68' lang='lat' dir='ltr'><strong>Weissenborn</strong></span> <span class='ocrx_word' id='word_1_237' title='bbox 1029 4188 1090 4237; x_wconf 80' lang='lat' dir='ltr'><strong>ad</strong></span> <span class='ocrx_word' id='word_1_238' title='bbox 1123 4187 1252 4237; x_wconf 84' lang='lat' dir='ltr'><strong>hunc</strong></span> <span class='ocrx_word' id='word_1_239' title='bbox 1288 4188 1452 4238; x_wconf 83' lang='lat' dir='ltr'><strong>locum</strong></span> <span class='ocrx_word' id='word_1_240' title='bbox 1471 4208 1486 4247; x_wconf 67' lang='grc' dir='ltr'><em>ς</em></span> <span class='ocrx_word' id='word_1_241' title='bbox 1522 4187 1686 4252; x_wconf 81' lang='lat' dir='ltr'><strong>Marq.</strong></span> <span class='ocrx_word' id='word_1_242' title='bbox 1720 4186 1776 4236; x_wconf 86' lang='lat' dir='ltr'><strong>V.</strong></span> <span class='ocrx_word' id='word_1_243' title='bbox 1809 4185 1855 4235; x_wconf 93' lang='lat' dir='ltr'><strong>l.</strong></span> <span class='ocrx_word' id='word_1_244' title='bbox 1891 4202 1999 4253; x_wconf 76' lang='lat' dir='ltr'><strong>pag.</strong></span> <span class='ocrx_word' id='word_1_245' title='bbox 2036 4186 2145 4236; x_wconf 83' lang='lat'><strong>180.</strong></span> <span class='ocrx_word' id='word_1_246' title='bbox 2177 4186 2341 4251; x_wconf 78' lang='lat' dir='ltr'><strong>Lange</strong></span> <span class='ocrx_word' id='word_1_247' title='bbox 2374 4186 2431 4235; x_wconf 80' lang='lat' dir='ltr'><strong>R.</strong></span> <span class='ocrx_word' id='word_1_248' title='bbox 2469 4186 2529 4235; x_wconf 80' lang='lat' dir='ltr'><strong>A.</strong></span> <span class='ocrx_word' id='word_1_249' title='bbox 2564 4184 2592 4235; x_wconf 93' lang='lat'>1</span> 
     </span>
     <span class='ocr_line' id='line_1_31' title="bbox 365 4279 782 4343; baseline 0.005 -18"><span class='ocrx_word' id='word_1_250' title='bbox 365 4294 470 4343; x_wconf 78' lang='lat' dir='ltr'><strong>pag.</strong></span> <span class='ocrx_word' id='word_1_251' title='bbox 508 4280 631 4337; x_wconf 74' lang='lat'><em>494,</em></span> <span class='ocrx_word' id='word_1_252' title='bbox 663 4279 782 4327; x_wconf 80' lang='lat'><strong>495.</strong></span> 
     </span>
    </p>
   </div>
   <div class='ocr_carea' id='block_1_6' title="bbox 2370 4368 2399 4415">
    <p class='ocr_par' dir='ltr' id='par_1_6' title="bbox 2370 4368 2399 4415">
     <span class='ocr_line' id='line_1_32' title="bbox 2370 4368 2399 4415; baseline 0 0"><span class='ocrx_word' id='word_1_253' title='bbox 2370 4368 2399 4415; x_wconf 77' lang='lat'><strong>3</strong></span> 
     </span>
    </p>
   </div>
  </div>
 </body>
</html>
