3350 5250
1719 575 1801 635 64

633 788 934 846 temperare.
969 786 1021 831 et
1055 797 1114 831 ex
1150 764 1259 845 ipso
1291 780 1453 831 Gellio
1487 780 1712 830 Gellium
1748 780 2095 843 interpretari.
2134 778 2305 838 Quam
2342 779 2481 829 viam
2514 779 2557 827 si
2593 778 2883 843 inierimuS,

634 886 950 948 reperiemus
1001 886 1141 935 haec.
1195 884 1358 935 Certis
1405 885 1583 933 diebus
1617 882 1924 948 significavit
1960 884 2231 943 Kalenda3‚
2271 882 2445 933 Nonas
2480 888 2533 933 et
2567 883 2693 932 alios
2726 896 2885 947 quos-

635 990 754 1037 dam
789 990 943 1038 festos
977 990 1098 1046 dieS‚
1136 989 1228 1054 qui
1256 989 1362 1039 dies
1395 988 1631 1037 similiter
1660 988 1922 1050 conjuncti
1942 992 2067 1036 sunt
2085 960 2281 1051 legibus
2301 982 2535 1036 Cornelia
2553 992 2605 1037 et
2622 985 2773 1036 Julia.
2794 985 2886 1034 His

638 1092 797 1155 igitur
830 1092 967 1141 idem
1004 1080 1246 1155 sumptus
1281 1089 1584 1155 praefinitus
1619 1095 1751 1139 esset
1786 1095 1943 1155 atque
1977 1090 2175 1154 legibus
2204 1068 2401 1139 Licinia
2430 1094 2482 1138 et
2513 1088 2723 1138 Fannia.
2744 1086 2887 1147 Quae

635 1200 811 1259 tamen
845 1211 902 1244 eo
939 1195 1200 1253 differunt,
1238 1196 1372 1257 quod
1411 1196 1466 1243 in
1501 1195 1598 1244 hac
1630 1194 1842 1258 nuptiae
1874 1209 1995 1243 cum
2030 1194 2172 1247 festis
2202 1194 2380 1243 diebus
2410 1193 2713 1256 conjunctae
2744 1197 2887 1255 sunt,

638 1300 750 1349 Kal.
789 1299 920 1349 Non.
956 1304 1008 1349 et
1041 1300 1114 1349 Id.
1155 1298 1456 1364 singulatim
1492 1304 1875 1361 memorantur3
1908 1300 1963 1348 in
2001 1298 2087 1348 illa
2124 1314 2243 1348 vero
2275 1297 2389 1347 Kal.
2424 1302 2519 1347 cet.
2538 1298 2679 1348 festis
2708 1298 2888 1346 diebus

637 1408 760 1452 sunt
795 1404 1007 1463 additae,
1045 1404 1242 1467 nuptiis
1275 1380 1450 1453 autem
1487 1404 1651 1466 major
1686 1408 1929 1467 sumptus
1962 1408 2039 1452 est
2072 1418 2355 1453 concessus.
2375 1401 2521 1461 Quod
2538 1402 2727 1466 fugisse
2747 1401 2887 1449 vide-

637 1512 728 1556 tur
757 1506 1004 1570 Boxman,
1027 1522 1192 1571 quum
1226 1523 1315 1571 pro
1347 1482 1881 1557 cei-tis'emendaret
1912 1507 2446 1571 festiS‚quasidies,
2466 1506 2657 1569 quibus
2674 1505 2889 1564 nuptiae

638 1610 977 1673 celebrantur,
1013 1611 1128 1659 festi
1164 1626 1268 1659 non
1305 1611 1424 1660 sint.
1461 1611 1654 1661 Ceteris
1691 1626 1839 1674 porro
1855 1610 2049 1673 diebus,
2065 1610 2259 1673 quibus
2274 1610 2434 1659 denos
2452 1608 2789 1658 constituerat
2805 1608 2887 1655 lex

642 1712 852 1775 Fannia,
901 1714 1122 1763 tricenos
1165 1714 1380 1763 Crassus
1417 1714 1757 1777 praescripsit.
1796 1686 1839 1762 A
1874 1712 2323 1763 verisimilitudine
2356 1712 2495 1761 haud
2530 1712 2761 1760 multum
2792 1709 2886 1759 ab·

638 1816 848 1865 horrere
881 1798 1113 1886 nostram
1149 1817 1625 1879 interpretationem
1663 1811 2035 1866 affirmaverim
2068 1818 2226 1865 etiam
2262 1816 2358 1865 hoc
2390 1820 2696 1879 argumento
2725 1814 2887 1875 nisum,

573 1982 586 1997 ⁸
639 1919 776 1983 quod
809 1920 1082 1968 crescentis
1107 1920 1352 1969 ⁴luxuriae
1389 1920 1642 1973 rationem
1675 1920 1831 1969 habet
1846 1935 1859 1981 ;
1892 1920 2192 1968 Boxmanno
2224 1933 2342 1968 vero
2372 1918 2414 1967 si
2431 1916 2742 1978 assentiariS,
2762 1930 2886 1965 con-

643 2020 834 2071 fitearis
869 2037 1070 2073 necesse
1107 2028 1200 2086 est,
1235 2023 1412 2073 eadem
1448 2023 1610 2087 pretia
1645 2024 1859 2073 diversis
1894 2024 1995 2072 illis
2028 2023 2347 2087 temporibus
2380 2020 2593 2071 definita
2626 2036 2750 2071 esse.

1503 2267 1627 2311 LEX
1675 2266 2012 2313 CORNELIA.

745 2496 908 2562 Gall.
934 2496 976 2561 l.
1004 2495 1045 2561 l.
1071 2497 1105 2581 ᾧ
1145 2498 1250 2560 11.
1293 2474 1570 2573 „Postea
1601 2494 1674 2560 L.
1704 2496 1883 2559 Sulla
1904 2494 2176 2560 dictator
2206 2544 2551 2562 ........
2579 2496 2889 2583 legem-ad

643 2621 944 2708 populum
1011 2620 1181 2698 tulit,
1245 2644 1370 2705 qua
1431 2590 1687 2686 cautum
1751 2629 1864 2702 est,
1902 2614 2003 2686 'ut
2059 2620 2494 2701 KalendiS,
2548 2620 2887 2702 Idibus,

643 2747 902 2810 Nonis
963 2744 1426 2830 diebusque
1490 2746 1866 2810 ludorum
1934 2742 2023 2810 et‘
2073 2747 2323 2811 feriis
2383 2747 2885 2830 quibusdam

641 2870 1152 2936 solemnibus
1233 2872 1689 2958 sertertuios
1772 2879 2153 2938 trecenos
2222 2874 2318 2937 ·in
2402 2896 2673 2954 cenam
2771 2897 2888 2938 su-

645 3019 852 3060 mere
910 2997 1038 3080 jus
1099 3003 1667 3094 potestasque.
1716 3003 1973 3076 esset;
2036 2997 2347 3068 ceute-ris
2409 2996 2673 3062 autem
2732 2999 2890 3063 die-

643 3121 1217 3188 busomnibus
1261 3144 1412 3186 non
1460 3117 1821 3206 amplius
1866 3123 2272 3192 „tricenos”
2316 3125 2387 3208 1).

733 3246 1088 3336 Macrobius
1113 3247 1154 3311 l.
1183 3247 1224 3311 1.
1253 3249 1286 3332 ᾧ
1315 3251 1413 3312 11.
1462 3297 1502 3326 ,,
1526 3299 1539 3313 .
1571 3297 1584 3312 .
1617 3297 1631 3313 .
1662 3298 1675 3313 .
1704 3248 1805 3311 lex
1832 3247 2140 3328 Cornelia,
2166 3271 2354 3332 quam
2380 3249 2534 3312 tulit
2560 3248 2891 3313 Cornelius

647 3373 824 3436 Sulla
905 3371 1191 3450 dictator,
1278 3373 1355 3436 in
1427 3394 1580 3456 qua
1647 3395 1799 3437 non
1868 3357 2431 3438 conviviorum
2510 3375 2957 3459 magnif-i·-

646 3499 921 3562 centia
988 3498 1416 3584 prohibita
1486 3505 1644 3576 est,
1716 3521 1860 3563 nec
1928 3500 2169 3584 gulae
2242 3500 2518 3565 modus
2582 3501 2889 3579 factus,

646 3644 918 3687 verum
992 3593 1302 3709 min-ora
1375 3623 1644 3707 pretia
1716 3623 1963 3688 rebus
2031 3623 2469 3710 imposita,
2533 3631 2597 3690 et
2659 3625 2891 3709 quibus

645 3747 832 3812 rebus
890 3748 955 3812 di
1013 3747 1179 3828 boni,
1229 3771 1562 3832 quamque·
1599 3719 1925 3840 exquisitis
1969 3757 2033 3813 et
2080 3771 2277 3834 paene
2324 3747 2659 3834 incognitis
2706 3771 2889 3834 gene-

647 3869 818 3935 ribus
887 3871 1280 3936 deliciarum!
1344 3895 1500 3956 quos
1559 3866 1950 3957 illic'pisces
2012 3895 2291 3957 quosque
2338 3873 2560 3939 offulos
2608 3875 2893 3938 nominat

1237 4053 1266 4068 f

719 4133 768 4194 l)
817 4132 896 4180 Sic
943 4131 1076 4180 enim
1121 4147 1231 4181 cum
1273 4132 1552 4182 Hotomano
1587 4133 1847 4197 legendum
1883 4130 2071 4194 censeo,
2108 4141 2163 4184 ut
2200 4134 2722 4185 crescentis-luxuriae
2757 4137 2885 4184 ratio

643 4221 896 4272 habeatur.
931 4221 1221 4286 Plerumque
1255 4223 1388 4271 enim
1425 4225 1476 4272 in
1511 4223 1592 4273 his
1627 4223 1819 4288 legibus
1853 4226 2163 4275 observatum
2206 4230 2295 4286 est,
2334 4231 2389 4275 ut
2424 4231 2568 4276 aucta
2602 4232 2888 4292 sumptuum

647 4313 1004 4377 magnitudine,
1039 4312 1244 4378 antiqua
1281 4322 1590 4364 renovarent.

999 4465 1004 4474 =
1058 4457 1090 4478 O
