3350 5250
1771 579 1851 641 36

690 790 855 855 nihil
915 791 1210 876 cuiquam
1269 797 1516 877 praeter
1563 789 1814 856 laudem
1858 788 2014 855 bene
2061 789 2472 854 administrati
2517 788 2699 854 officii
2756 809 2960 853 acce-

691 916 837 981 dere
883 916 1106 982 debere
1135 915 1560 1002 judicantes?

780 1045 962 1108 Hanc
1007 1049 1215 1109 autem
1263 1041 1564 1108 rationem
1611 1043 1664 1107 si
1711 1043 1853 1127 quis
1890 1042 2063 1129 parvi
2101 1041 2297 1108 facere
2320 1041 2383 1106 in
2409 1042 2612 1107 animo
2636 1039 2943 1120 haberet,

689 1191 758 1234 ac
823 1191 1004 1234 suum
1073 1169 1350 1236 studium
1419 1192 1564 1254 prae
1626 1175 1973 1234 ceterorum
2038 1167 2352 1248 extollere,
2414 1168 2630 1233 aderat
2676 1188 2955 1247 censor,

690 1294 1109 1362 firmissimum
1155 1296 1318 1360 illud
1364 1294 1714 1361 nobilitatis
1764 1294 2154 1382 praesidium,
2204 1301 2279 1359 ut
2314 1293 2491 1360 illius
2526 1300 2589 1358 et
2626 1314 2941 1378 arrogan-

691 1417 842 1484 tiam
906 1419 1272 1504 reprimeret
1315 1425 1379 1484 et
1427 1422 1861 1486 auctoritatem
1910 1418 2240 1484 minueret.
2290 1417 2454 1483 Hinc
2502 1417 2735 1482 factum
2782 1439 2943 1482 esse

691 1544 977 1624 arbitror,
1046 1552 1121 1610 ut
1187 1543 1256 1610 O.
1329 1543 1650 1610 Fabricius
1718 1544 2025 1612 Luscinus
2084 1547 2159 1611 P.
2210 1543 2567 1610 Cornelium
2614 1543 2934 1608 Rufinum

687 1679 906 1737 senatu
948 1679 1243 1751 moveret,
1268 1671 1416 1756 quia
1451 1693 1594 1737 eum
1619 1672 2015 1757 comperisset
2036 1672 2277 1757 argenti
2300 1671 2449 1736 facti
2474 1670 2680 1736 decem
2710 1669 2935 1756 pondo

692 1794 934 1861 habere.
983 1794 1169 1876 Quod
1216 1818 1340 1881 quo
1385 1797 1633 1883 plenius
1673 1798 2110 1876 demonstrem,
2149 1802 2372 1861 testem
2413 1795 2744 1882 producam
2772 1794 2936 1860 Gel-
2986 1853 2991 1857 .

686 1921 843 1984 lium
871 1922 938 2007 1).
1003 1969 1197 2000 .....
1200 1924 1428 2002 ‚Hunc
1488 1921 1786 1988 Rufinum
1836 1921 2155 1989 Fabricius
2200 1944 2321 1987 non
2367 1921 2667 2008 probabat
2712 1942 2933 2005 neque

687 2045 883 2112 amico
930 2045 1247 2127 utebatur,
1295 2068 1562 2132 osusque
1610 2071 1755 2113 eum
1800 2069 2039 2112 morum
2089 2069 2273 2113 causa
2316 2047 2459 2113 fuit.
2506 2047 2627 2112 Sed
2674 2069 2928 2132 quum

687 2173 768 2236 iu
813 2172 1330 2258 temporibus
1376 2175 1492 2239 rei
1538 2173 2099 2240 difficillimis
2147 2173 2530 2240 consules
2574 2173 2929 2240 creandi

685 2299 999 2378 forent,
1038 2307 1114 2364 et
1150 2300 1219 2364 is
1256 2299 1616 2366 Rufinus
1654 2307 1982 2386 peteret
2018 2300 2584 2381 consulatum,
2623 2321 2927 2385 compe-

684 2423 1154 2508 titoresque
1215 2425 1394 2511 ejus
1453 2433 1734 2492 essent
1793 2425 2173 2492 imbelles
2226 2425 2556 2510 ,quidam
2604 2432 2681 2489 et
2726 2424 2927 2489 futi-

685 2549 829 2630 les,
871 2571 1170 2615 summa
1209 2572 1347 2636 ope
1387 2550 1739 2616 adnixus
1774 2553 1897 2618 es't
1936 2549 2401 2632 Fabricius,
2445 2551 2569 2616 uti
2605 2549 2921 2615 Rufino

685 2677 1173 2743 consulatus
1217 2677 1755 2744 deferretur.'’
1801 2678 2025 2764 Itaque
2072 2700 2267 2763 quum
2319 2683 2573 2764 propter
2621 2676 2914 2742 militaris

683 2801 1046 2888 disciplinae
1093 2803 1375 2889 peritiam
1421 2784 1821 2891 optimatiuui
1864 2826 2083 2870 causae
2130 2804 2307 2871 utilis
2354 2827 2484 2870 esse
2531 2810 2736 2890 posset
2783 2803 2917 2868 Ru-

683 2926 864 3005 finus,
929 2928 1062 3012 ejus
1107 2928 1411 2997 auxilium
1459 2950 1582 2995 non
1628 2930 1861 3016 sprevit
1910 2928 2229 2995 Fabricius
2244 2957 2264 3009 ς
2311 2928 2474 2995 idem
2525 2951 2667 2996 vero
2713 2950 2910 3013 quum

683 3050 873 3115 nimia
937 3053 1196 3118 avaritia
1257 3053 1606 3121 nobilitatis
1668 3054 2006 3122 commodis
2064 3056 2514 3136 adversaretur,
2572 3055 2651 3121 ab
2698 3055 2915 3121 eodem

686 3175 966 3243 Fabricio
1035 3202 1282 3245 censore
1349 3182 1557 3247 statim
1627 3204 1704 3248 ex
1770 3205 1841 3247 ea
1902 3182 2195 3248 exclusus
2255 3189 2367 3248 est.
2428 3184 2487 3247 A
2534 3180 2913 3269 reipublicae

683 3302 878 3387 igitur
945 3305 1287 3372 rationibus
1358 3306 1514 3373 hanc
1583 3309 1843 3374 notandi
1904 3331 2151 3375 causam
2213 3307 2607 3395 repetendam
2672 3330 2801 3373 esse
2860 3308 2915 3373 si

681 3426 1131 3511 affirmaverim,
1181 3429 1347 3497 haud
1394 3455 1605 3499 vereor
1651 3456 1731 3500 ne
1776 3456 1812 3498 a
1860 3456 2000 3501 vero
2046 3434 2297 3520 longius
2342 3433 2644 3501 oberrem.

768 3940 938 4009 Haec
985 3943 1289 4011 nobilium
1325 3947 1672 4033 corruptela
1710 3972 1781 4015 ac
1820 3948 2193 4036 depravatio,
2219 3949 2399 4034 cujus
2421 3948 2693 4035 primum
2718 3950 2904 4015 docu-

683 4073 960 4133 mentum
1008 4066 1274 4135 Rufinus
1320 4069 1590 4151 dederat,
1629 4073 1999 4159 procedente
2040 4073 2329 4159 deinceps
2351 4080 2628 4161 tempore
2653 4074 2903 4161 longius

746 4328 794 4393 ι)
831 4327 915 4381 1v.
955 4329 999 4381 s.
