3350 5250
1569 626 1650 689 83

471 833 786 901 Rutilium
813 800 1094 899 “Rufum
1160 834 1501 900 orationem
1563 816 1853 900 habuisse
1911 838 2125 897 narrat
2185 833 2262 897 de
2312 832 2510 897 modo
2554 831 2727 898 aedi·

479 958 762 1023 ficiorum
790 960 862 1044 1).

573 1082 758 1165 Quod
821 1083 952 1169 jam
1021 1076 1265 1171 saepius
1331 1082 1485 1163 dixi,
1559 1083 1875 1169 proprium
1948 1106 2077 1148 esse
2144 1082 2491 1149 nobilitatis
2536 1082 2730 1147 domi-

483 1208 710 1289 nantis,
787 1215 859 1273 ut
925 1209 1092 1294 leges
1161 1209 1761 1286 conti-astundam
1833 1209 2211 1295 promulget,
2274 1208 2390 1273 hoc
2449 1208 2727 1272 omnium

485 1332 750 1397 maxime
799 1332 1009 1399 Sullae
1057 1332 1340 1418 exemplo
1385 1333 1735 1397 confirmari
1784 1332 2063 1397 videtur..
2094 1330 2222 1413 Qui
2270 1332 2522 1417 quidem
2571 1329 2731 1397 nihil

487 1454 754 1521 habebat
791 1456 1131 1547 antiquiuS,
1167 1479 1356 1540 quam
1383 1464 1455 1522 ut
1477 1457 1699 1543 populi
1723 1457 2067 1547 potentiam
2094 1442 2486 1541 infringeret,
2516 1462 2731 1521 aucto-

487 1582 734 1649 ritatem
783 1591 1001 1647 contra
1038 1590 1228 1666 atque
1266 1582 1636 1667 dignitatem
1679 1582 2074 1667 optimatium
2114 1588 2424 1665 quantum
2470 1582 2735 1647 maxime

489 1713 696 1793 posset
743 1714 1005 1791 augeret
1052 1714 1116 1773 et
1160 1708 1564 1794 amplificaret
1589 1711 1656 1790 2).
1707 1711 1931 1792 Itaque
1977 1698 2331 1772 senatorum
2375 1728 2732 1785 numerum,

489 1834 804 1899 intestinis
852 1833 1030 1901 bellis
1079 1834 1157 1898 ad
1205 1835 1420 1901 miram
1470 1835 1851 1921 paucitatem
1900 1836 2242 1915 redactum,
2287 1834 2609 1922 supplevit
2647 1854 2737 1912 ac,

473 1932 568 2021 *ne
615 1979 740 2042 qua
786 1957 884 2022 lex
932 1956 1245 2022 nobilitati
1293 1958 1580 2023 nocitura
1623 1964 1761 2025 rata
1805 1956 2156 2047 haberet-ur,
2198 1958 2424 2023 statuit
2466 1980 2543 2023 ne
2584 1958 2738 2042 quid

491 2081 570 2147 ad
619 2084 922 2169 populum
977 2085 1098 2149 nisi
1144 2106 1219 2149 ex
1264 2084 1643 2149 auctoritate
1690 2090 1941 2149 senatus
1988 2084 2279 2151 ferretur.
2329 2083 2741 2167 Magistratus

494 2228 745 2291 quoque
807 2208 896 2273 ita
961 2210 1236 2275 coercuit
1281 2215 1470 2293 atque
1515 2208 1823 2286 cohibuit,
1873 2214 1947 2275 ut
1994 2232 2031 2272 a
2078 2215 2302 2273 senatu
2349 2210 2465 2273 toti
2513 2208 2741 2293 pende·

493 2341 657 2398 rent.
704 2332 1124 2398 Tribuniciam
1177 2340 1567 2419 potestatem,
1615 2334 1895 2399 omnium
1946 2334 2206 2399 maxime
2245 2333 2560 2399 nobilitati
2603 2356 2739 2421 per-

494 2458 814 2537 niciosam,
876 2460 970 2524 ita
1027 2460 1344 2524 imminuit
1399 2466 1588 2544 atque
1637 2429 2076 2537 circumcidit,
2106 2467 2180 2524 ut
2226 2460 2560 2545 imaginem
2608 2460 2740 2523 sine

492 2606 560 2648 re
606 2583 1015 2668 relinqueret.
1059 2607 1064 2611 ·
1507 2554 1512 2563 ⁵

435 2680 452 2690 ς
584 2708 770 2773 Hisce
811 2708 1101 2774 omnibus
1138 2730 1336 2793 quum
1374 2710 1768 2796 optimatium
1800 2713 2143 2796 potentiam
2169 2709 2547 2789 stabiliisset,
2575 2711 2738 2774 inter

495 2839 720 2913 cetera,
767 2832 995 2918 quibus
1042 2829 1202 2898 actis'
1241 2835 1370 2900 suis
1416 2834 1902 2901 diuturnitatem
1944 2837 2323 2916 conciliaret,
2366 2836 2551 2901 etiam
2596 2835 2745 2899 fecit

494 2960 694 3046 legem
757 2961 1230 3046 sumptuariam.
1293 2960 1471 3041 Quae
1532 2984 1725 3046 quum
1783 2962 2003 3048 igitur,
2055 2969 2130 3027 ut
2177 2961 2491 3028 Ciceronis
2537 2960 2737 3026 verbis

501 3091 661 3166 utar,
724 3107 849 3150 non
917 3085 1187 3151 hominis
1250 3086 1355 3151 sed
1419 3088 1713 3173 temporis
1755 3087 1856 3152 lex
1902 3111 2034 3152 esse
2085 3087 2391 3166 videatur,
2440 3094 2655 3151 tamen
2705 3108 2739 3150 a

500 3231 598 3274 me
655 3213 992 3296 impetrare
1039 3233 1162 3276 non
1210 3197 1492 3297 possum,
1527 3213 1681 3296 quin
1732 3212 1977 3277 credam
2028 3212 2265 3277 Sullam
2315 3233 2585 3296 quoque,
2634 3231 2745 3296 pro

499 3333 612 3400 illo
676 3335 840 3430 odio,
903 3336 1073 3420 quod
1130 3336 1357 3402 habuit
1403 3338 1464 3402 in
1512 3346 1862 3422 equestrem
1914 3339 2215 3420 ordinem,
2262 3338 2328 3403 in
2378 3361 2447 3401 ea
2492 3336 2744 3401 ferenda

479 3667 496 3682 .
573 3635 624 3700 1)
661 3634 738 3686 cf.
789 3635 955 3700 Lange
1008 3636 1103 3685 111.
1157 3634 1238 3687 71.
1293 3636 1437 3694 „Der
1489 3635 1732 3687 Umstand
1781 3636 1868 3686 das
1918 3637 1972 3686 P.
2009 3637 2232 3686 Rutilius
2266 3636 2425 3685 Rufus
2460 3635 2531 3684 als
2568 3633 2753 3683 Consul

505 3727 725 3792 649s105
761 3728 868 3777 eine
905 3727 1036 3776 Rede
1071 3727 1130 3776 de
1164 3727 1308 3776 modo
1342 3727 1674 3778 aedificiorum
1710 3727 1853 3788 hielt,
1889 3727 2056 3777 dentet
2091 3727 2268 3777 darauf
2294 3726 2401 3786 hin,
2422 3727 2530 3775 dass
2564 3725 2753 3775 damals

503 3819 717 3869 Schritte
761 3834 846 3869 zur
891 3817 1279 3883 Verminderung
1322 3819 1405 3868 des
1449 3819 1716 3869 Aufwands
1750 3819 1840 3869 wie
1877 3819 1956 3869 bei
1996 3821 2200 3882 Bauten‚
2237 3834 2291 3868 so
2328 3817 2451 3866 auch
2489 3817 2569 3866 bei
2608 3817 2755 3865 Gast-

504 3910 731 3960 mz‘ihlern
765 3927 826 3960 an
861 3910 947 3960 der
981 3909 1364 3974 Tagesordnnng
1405 3908 1622 3961 waren.”

575 4002 628 4067 2)
667 4000 743 4050 Of.
795 4000 1004 4051 Wittich
1051 4000 1133 4067 (de
1182 4001 1405 4066 Reipubl.
1452 4002 1593 4052 Rom.
1640 4018 1699 4050 ea
1734 4002 1907 4060 forma,
1942 4016 2036 4066 qua
2070 4001 2126 4053 L.
2169 3999 2317 4051 Corn.
2353 3999 2493 4049 Sulla
2528 4016 2632 4050 rem
2663 4000 2759 4048 Ro-

506 4107 637 4142 man.
673 4091 1016 4152 commntavit)
1049 4107 1157 4156 pag.
1198 4091 1313 4140 124:
1359 4091 1635 4150 „Senatum
1671 4107 1759 4157 per
1790 4091 1983 4156 plebem
2022 4091 2401 4156 superbientem,
2422 4106 2508 4158 per
2530 4090 2759 4158 tribunps

454 4165 462 4171 ’
504 4182 667 4248 plebis
718 4182 1170 4247 impudentissimos
1225 4187 1274 4230 et
1327 4181 1743 4232 insolentissimos
1794 4181 1854 4230 ad
1900 4181 2185 4231 inferiorem
2239 4181 2442 4230 omnino
2476 4179 2755 4245 depressum

505 4273 838 4323 conditionem
890 4271 1094 4322 adduxit
1141 4271 1203 4320 ad
1247 4271 1521 4331 laetiorem,
1568 4273 1707 4337 eique
1755 4287 1863 4321 eam
1911 4272 2208 4321 conciliavit
2255 4271 2615 4329 anctoritatem,
2664 4285 2758 4334 qua

505 4363 568 4412 ad
600 4363 864 4414 seeundum
897 4379 1047 4428 usque
1083 4365 1350 4411 exornatus
1384 4367 1490 4411 erat
1524 4362 1769 4412 Punicum
1802 4361 2043 4412 bellum.'’
