3350 5250
1420 1577 1991 1664 CAPUT
2081 1577 2234 1662 III.

1639 1869 2023 1878 ———-—

797 2079 988 2144 Gellii
1027 2086 1215 2164 atque
1252 2081 1555 2146 Macrobii
1597 2082 1673 2146 de
1700 2082 2103 2169 sumptuariis
2128 2080 2373 2166 legibus
2396 2081 2560 2146 locos
2586 2080 2965 2164 quicunque

595 2257 602 2264 .
707 2205 871 2270 inter
917 2228 980 2270 se
1029 2207 1493 2293 comparaverit,
1542 2209 1752 2272 statim
1804 2208 2022 2294 opinor
2072 2205 2307 2270 videbit
2350 2206 2549 2270 multa
2589 2204 2754 2290 apud
2797 2203 2963 2268 alte·

706 2352 844 2426 rum
909 2353 1231 2396 occurrere
1293 2354 1453 2416 quae
1517 2331 1687 2418 apud
1748 2333 2011 2396 alterum
2064 2331 2515 2409 desiderentur,
2563 2330 2685 2394 alia
2730 2350 2964 2393 rursus

705 2479 740 2520 a
803 2457 1118 2523 Macrobio
1181 2459 1627 2543 praetermissa,
1688 2481 1723 2522 a
1786 2456 1992 2524 Gellio
2048 2463 2525 2522 commemorata
2571 2477 2721 2520 esse.
2773 2454 2964 2535 Quae

706 2603 902 2665 quum
955 2581 1042 2646 ita
1091 2582 1222 2647 sint
1269 2605 1490 2670 operae
1530 2583 1800 2670 pretium
1841 2583 2091 2648 videtur
2115 2581 2331 2668 paullo
2358 2580 2724 2666 diligentius
2746 2580 2963 2665 inqui·

707 2727 857 2787 rere,
924 2715 1062 2773 uter
1122 2709 1185 2774 in
1241 2711 1715 2775 commentando
1762 2710 1957 2795 ipsam
2008 2710 2162 2793 legis
2209 2708 2535 2773 formulam
2588 2707 2707 2771 sub
2753 2706 2960 2770 oculis

705 2830 1010 2911 habuerit,
1086 2840 1246 2912 uter,
1309 2836 1476 2918 quod
1545 2836 1873 2899 memoriae
1936 2836 2093 2899 forte
2142 2838 2511 2915 occurreret,
2560 2832 2620 2896 in
2670 2832 2954 2897 chartam

705 2958 1057 3042 conjecerit.
1133 2958 1336 3039 Quam
1412 2959 1836 3044 quaestionem
1901 2960 1989 3023 ita
2050 2959 2301 3044 optime„
2345 2958 2422 3022 ad
2487 2957 2799 3041 liquidum
2853 2980 2957 3021 me

706 3082 1156 3167 perducturum
1231 3108 1359 3148 esse
1431 3092 1606 3172 puto,
1677 3085 1728 3148 si
1797 3086 2011 3169 paucis
2080 3106 2441 3170 exposuer0‚
2509 3082 2663 3167 quid
2730 3105 2954 3146 causae

705 3212 1044 3291 utrumque
1106 3208 1428 3294 impulisse
1485 3208 1791 3286 videatur,
1837 3216 1912 3273 ut
1958 3210 2176 3274 harum
2226 3209 2437 3294 legum
2485 3199 2956 3273 commentatio·

702 3352 842 3393 nem
894 3328 1209 3395 scriberet.

794 3454 1221 3519 Annotaverat
1265 3452 1522 3537 Gellius,
1571 3458 1774 3535 credo,
1815 3458 2047 3523 Lucilii
2089 3457 2429 3543 Laeviique
2452 3480 2685 3537 versus,
2715 3459 2952 3544 quippe

701 3598 856 3660 quos
903 3578 1210 3665 explicare
1259 3584 1314 3645 ei
1364 3605 1583 3667 operae
1628 3584 1901 3668 pretium
1957 3584 2271 3652 videretur
2308 3591 2562 3671 propter
2602 3584 2951 3649 reconditas

701 3707 766 3763 et
810 3700 1144 3781 inauditae,
1175 3705 1255 3791 ‘in
1304 3704 1534 3788 quibus
1582 3707 1714 3792 ipse
1758 3706 2057 3788 haeserat,
2100 3709 2345 3773 dicendi
2388 3708 2707 3774 formulas.
2737 3710 2951 3795 Hujus

700 3825 869 3891 modi
939 3828 1238 3891 rationem
1310 3830 1556 3915 saepius
1617 3854 1759 3895 eum
1822 3840 2104 3898 secutum
2172 3855 2305 3899 esse
2366 3842 2439 3899 ut
2486 3835 2831 3915 ostendam,
2882 3836 2946 3900 in

701 3949 976 4014 medium
1025 3952 1326 4035 proferam
1377 3977 1572 4019 unum
1622 3957 1965 4023 alterumve
2015 3959 2245 4023 locum.
2478 4002 2485 4009 -

790 4070 929 4137 Lib.
980 4074 1068 4138 II.
1123 4080 1226 4142 22.
1280 4080 1381 4141 30.
1434 4129 1471 4158 ‚,
1495 4078 1563 4145 P.
1615 4080 1907 4166 Nigidii.
1938 4134 1951 4149 .
1982 4132 1997 4147 .
2027 4133 2040 4148 .
2090 4083 2273 4147 verba
2322 4084 2471 4149 haec
2518 4092 2703 4151 sunt:
2750 4134 2789 4164 „
2810 4084 2948 4163 „Et

701 4197 924 4271 ἐτησίαι
983 4206 1047 4262 et
1105 4202 1301 4265 austri
1361 4204 1763 4269 anniversarii
1822 4209 2094 4272 seeundo
2154 4208 2283 4273 sole
2347 4208 2621 4275 flant.””
2670 4209 2945 4274 Consi-

699 4320 1145 4387 derandum
1197 4327 1470 4409 igitur
1515 4335 1672 4409 est,
1723 4333 1919 4415 quid
1966 4334 2079 4397 sit
2125 4336 2485 4400 secundo
2534 4336 2770 4401 sole.”
