3350 5250
1707 601 1789 666 72

635 815 884 880 tuerct’'
909 814 985 900 1).
1055 811 1254 899 Cujus
1316 813 1493 898 legis,
1555 831 1933 898 quamquam
1994 834 2124 877 non
2188 812 2423 879 directe
2467 813 2548 878 ad
2592 820 2895 900 sumptus

637 938 1010 1004 minuendos
1075 937 1372 1024 pertinet,
1437 936 1579 1003 ideo
1649 938 2029 1002 mentionem
2092 939 2232 1019 feci,
2298 939 2469 1022 quod
2534 960 2611 1003 ex
2669 939 2891 1005 eadem

635 1065 875 1130 ratione
917 1072 1112 1148 atque
1152 1065 1580 1150 sumptuariae
1627 1064 1827 1149 petita
1864 1087 1994 1128 esse
2038 1063 2385 1129 videbatur.
2426 1063 2677 1128 Etenim
2716 1061 2899 1130 nobi-

635 1188 838 1253 litatis
904 1188 1107 1272 gratia
1173 1195 1389 1272 rogata
1455 1194 1569 1269 est,
1631 1211 1715 1253 ne
1776 1189 2033 1253 lieentia
2084 1196 2151 1253 et
2194 1189 2449 1253 luxuria
2492 1188 2893 1276 feminarum,

639 1334 829 1399 supra
873 1313 1128 1377 modum
1182 1318 1545 1392 crescentes,
1595 1303 1787 1377 illius'
1816 1313 2178 1378 auctoritati
2225 1321 2549 1394 nocerent,
2595 1321 2659 1378 et
2700 1313 2897 1380 simul

641 1460 723 1502 nc
789 1436 1098 1503 nobilium
1167 1437 1546 1502 familiarum
1617 1437 1873 1503 divitiae
1938 1439 2004 1503 in
2070 1436 2347 1504 minutas
2404 1447 2612 1525 partes
2654 1439 2895 1505 divisae

639 1563 1092 1649 dissiparentur
1115 1562 1186 1646 ²).

735 1687 971 1754 Ver‘um
1015 1711 1095 1754 ne
1133 1689 1320 1754 nimis
1358 1687 1540 1774 longe
1577 1712 1613 1752 a
1651 1689 1966 1775 proposito
2004 1696 2217 1754 nostro
2251 1688 2631 1770 aberremus,
2663 1691 2793 1775 jam
2818 1713 2899 1756 eo

649 1815 819 1880 unde
865 1814 1179 1900 paulisper
1216 1815 1492 1899 digressa
1527 1822 1642 1894 est,
1685 1823 1899 1879 nostra
1938 1814 2153 1879 redeat
2190 1815 2411 1880 oratio.
2452 1814 2673 1880 Luxus
2695 1815 2899 1902 igitur

647 1939 816 2026 apud
855 1961 1070 2003 omnes
1107 1939 1238 2003 fere
1269 1939 1532 2024 populos
1559 1939 1674 2003 hoc
1697 1939 2019 2026 proprium
2046 1947 2165 2018 est,
2188 1939 2349 2004 utin
2376 1937 2579 2005 tribus
2605 1939 2901 2026 deinceps

651 2065 837 2131 rebus
885 2066 1215 2151 conspicua
1251 2065 1352 2146 sit,
1392 2065 1460 2129 in
1497 2065 1676 2130 cultu
1718 2066 2010 2150 corporis,
2053 2066 2121 2130 in
2144 2064 2561 2151 amplitudine
2584 2074 2650 2130 et
2672 2075 2902 2131 ornatu

651 2191 919 2272 aedium,
961 2192 1027 2256 in
1067 2196 1370 2277 apparatu
1395 2190 1843 2255 conviviorum.
1870 2190 2063 2255 Hunc
2088 2191 2366 2255 ordinem
2394 2191 2561 2276 apud
2590 2189 2906 2256 Romanos

654 2340 908 2402 quoque
953 2317 1174 2383 luxum
1221 2323 1507 2382 secutum
1555 2339 1707 2397 esse,
1756 2316 2047 2402 colligere
2084 2316 2235 2380 licet
2272 2339 2349 2381 ex
2392 2315 2659 2404 Senecae
2696 2315 2903 2402 Epist.

658 2441 902 2506 CXIV:
951 2441 1134 2520 „Ubi
1169 2442 1485 2506 luxuriam
1524 2441 1653 2506 late
1691 2441 1959 2506 felicitas
1983 2418 2213 2520 fundit,
2240 2441 2450 2507 cultus
2472 2443 2745 2528 primum
2771 2464 2902 2506 cor·

657 2589 878 2655 porum
927 2590 1058 2633 esse
1105 2567 1465 2653 diligentior
1507 2567 1768 2653 incipit3
1815 2567 2042 2633 deinde
2079 2566 2503 2654 suppellectili
2541 2567 2863 2634 laboratur
2884 2595 2903 2647 ς

658 2694 880 2759 deinde
925 2694 992 2758 in
1041 2694 1204 2779 ipsas
1247 2693 1462 2759 domos
1508 2693 1897 2779 impenditur
1943 2716 2110 2767 cura,
2151 2700 2227 2759 ut
2262 2694 2329 2758 in
2372 2694 2693 2759 laxitatem
2736 2695 2905 2759 ruris

660 2825 1010 2899 excurrant,
1059 2828 1132 2884 ut
1177 2820 1444 2904 parietes
1489 2820 1769 2884 advectis
1820 2826 1995 2884 trans
2040 2821 2234 2884 maria
2281 2821 2583 2905 fulgeant,
2636 2828 2710 2883 ut
2731 2827 2899 2885 tecta

659 2944 978 3009 varientur
1020 2967 1192 3025 aure,
1232 2953 1306 3010 ut
1345 2944 1746 3010 lacunaribus
1784 2946 2277 3031 pavimentorum
2302 2947 2671 3031 respondeat
2694 2948 2899 3012 nitor:

658 3070 882 3134 deinde
927 3069 1004 3133 ad
1051 3092 1270 3134 coenas
1315 3069 1566 3134 lautitia
1612 3070 2003 3150 transfertur,
2044 3077 2111 3133 et
2156 3070 2290 3136 illic
2336 3072 2790 3136 commendatio
2829 3095 2906 3137 ex

660 3194 932 3258 novitate
978 3201 1042 3258 et
1087 3196 1257 3260 soliti
1303 3192 1538 3260 ordinis
1586 3195 2074 3261 commutatione
2124 3204 2445 3281 captatur:
2493 3205 2569 3261 ut
2611 3220 2706 3275 ea,
2746 3220 2908 3281 quae

661 3317 952 3383 claudere
1011 3342 1265 3384 coenam
1312 3320 1515 3385 solent
1561 3322 1761 3407 prima
1807 3329 2145 3408 ponantur,
2195 3329 2269 3386 ut
2314 3344 2475 3406 quae
2521 3324 2908 3387 advenienti-

666 3442 782 3507 bus
821 3442 1151 3523 dabantur,
1191 3443 1567 3508 exeuntibus
1605 3445 1898 3511 dentur.''
1938 3446 2113 3510 Idem
2157 3445 2416 3530 olligere
2453 3447 2605 3511 licet
2628 3469 2810 3532 porro
2833 3469 2909 3511 ex

667 3565 915 3650 legibus
982 3588 1142 3652 quae
1212 3566 1381 3652 apud
1448 3568 1592 3632 illos
1659 3568 1738 3632 ad
1795 3569 2105 3635 luxuriam
2173 3570 2571 3635 coercendam
2619 3570 2909 3657 deinceps

669 3878 769 3929 Cic.
827 3878 963 3928 Verr.
1003 3894 1109 3943 pag.
1149 3880 1243 3928 183
1282 3878 1436 3943 seqq.)
1472 3880 1657 3944 optime
1686 3879 1906 3929 defendit
1940 3896 2035 3929 von
2085 3879 2353 3943 Vangerow
2392 3880 2450 3946 (1.
2488 3881 2522 3930 l.
2557 3897 2669 3947 pag.
2705 3883 2728 3931 1
2772 3887 2820 3931 et
2856 3884 2910 3948 2)

667 3971 822 4021 {retus
872 3972 996 4020 locis
1030 3970 1132 4021 Cic.
1169 3972 1220 4020 iu
1260 3971 1397 4020 Verr.
1436 3966 1479 4022 1.
1515 3973 1608 4030 41;
1645 3972 1755 4025 Cat.
1794 3970 1915 4034 Maj.
1950 3987 1991 4021 c.
2032 3974 2077 4021 5.
2114 3971 2236 4034 Ejus
2271 3972 2570 4021 senteutiam
2606 3978 2801 4022 secutus
2838 3977 2913 4022 est

667 4062 832 4127 Lange
867 4063 924 4111 R.
961 4065 1020 4113 A.
1056 4060 1129 4114 II.
1165 4078 1274 4128 pag.
1311 4062 1427 4111 280.

737 4154 790 4220 1)
826 4154 934 4218 Gaj.
971 4154 1038 4204 II.
1076 4152 1190 4205 274.
1226 4152 1301 4204 cf.
1340 4170 1484 4218 porro
1519 4152 1620 4203 Cic.
1657 4154 1710 4203 in
1751 4153 1889 4205 Verr.
1926 4154 1967 4204 1.
2001 4155 2095 4215 42;
2129 4154 2189 4203 de
2223 4154 2343 4219 Rep.
2381 4153 2477 4204 111.
2515 4154 2595 4203 10.

741 4243 795 4309 2)
833 4243 909 4294 cf.
955 4244 1107 4308 Gajus
1153 4244 1220 4294 11.
1259 4244 1384 4294 22⁶:
1421 4244 1580 4303 „Ideo
1616 4245 1925 4309 posterlata
1962 4252 2036 4295 est
2072 4245 2151 4294 lex
2192 4245 2427 4303 Voconia,
2462 4260 2558 4309 qua
2590 4250 2789 4293 cautum
2824 4252 2913 4303 est,

673 4351 734 4385 ne
751 4336 831 4385 cui
850 4336 963 4401 plus
978 4336 1251 4401 legatorum
1269 4336 1472 4386 nomine
1486 4336 1721 4385 mortisve
1740 4352 1888 4386 causa
1902 4352 2073 4411 capere
2091 4336 2280 4396 liceret,
2290 4350 2435 4401 quam
2452 4334 2653 4384 heredes
2666 4339 2913 4399 caperent.
