3350 5250
1704 520 1805 629 ιε’
1870 587 1879 592 ·

695 775 1113 842 'Mereaturae
1157 783 1367 844 autem
1414 777 1695 843 studium
1742 777 1909 862 quod
1952 782 2095 865 post
2129 775 2365 842 bellum
2408 775 2719 843 Punicum
2750 767 2876 862 pri-

637 923 808 968 mum
869 909 933 968 et
989 900 1332 968 secundum
1393 901 1646 968 Romae·
1690 910 1909 968 natum
1959 925 2089 968 esse
2135 924 2323 988 supra
2371 902 2873 982 memoravimus,

637 1035 879 1113 praeter
940 1049 1179 1092 morum
1237 1027 1649 1114 corruptelam
1718 1017 2033 1094 Romanae
2078 1026 2397 1093 nobilitati
2446 1027 2629 1114 plura
2678 1027 2874 1092 etiam

637 1151 1026 1218 incommoda
1097 1152 1334 1218 intulit.
1397 1151 1536 1218 Hoc
1597 1153 1761 1218 enim
1822 1153 2033 1220 studio
2092 1154 2328 1219 factum
2376 1160 2490 1234 est,
2538 1160 2613 1217 ut
2659 1175 2877 1238 proee-

638 1277 826 1344 dente
886 1285 1162 1366 tempore
1219 1280 1382 1344 inter
1431 1278 1670 1344 nobiles
1715 1279 1879 1346 duae
1928 1283 2264 1346 existerent
2308 1280 2629 1360 factiones,
2676 1280 2878 1346 altera

635 1411 1014 1486 senatorum,
1075 1414 1486 1470 mercatorum
1535 1407 1879 1492 (equitum)
1931 1407 2146 1487 altera,
2198 1413 2502 1491 utraeque
2548 1403 2666 1472 sibi
2712 1406 2884 1476 invi-

637 1554 771 1597 cem
837 1531 1220 1612 insidiantes,
1291 1539 1481 1616 atque
1548 1533 1638 1596 ita
1703 1531 1997 1599 nobilitas
2064 1533 2133 1598 in
2192 1533 2347 1598 duas
2408 1533 2603 1598 veluti
2664 1539 2879 1618 partes

639 1657 1042 1723 scinderetur.
1117 1659 1288 1724 Haec
1355 1657 1703 1723 animorum
1772 1658 2109 1745 disjunctio
2181 1659 2405 1724 mirum
2478 1658 2546 1724 in
2614 1658 2874 1724 modum

639 1790 914 1848 creverat
979 1783 1116 1868 lege
1183 1781 1466 1862 Claudia,
1535 1785 1768 1870 quippe
1828 1805 1991 1869 quae
2052 1785 2407 1872 legitimum
2456 1785 2633 1871 quasi
2680 1785 2871 1850 finem

642 1907 807 1974 inter
851 1873 1166 1976 senatores
1211 1916 1277 1974 et
1319 1910 1562 1994 equites
1609 1910 2018 1977 constitueret
2044 1913 2113 1996 1).

732 2034 1125 2120 Quamquam
1189 2034 1441 2100 minime
1499 2037 1737 2121 ignoro,
1784 2037 2171 2121 gravissimas
2220 2037 2386 2102 int-er
2432 2037 2572 2102 illos
2616 2043 2877 2102 conten·

641 2159 842 2226 tiones
887 2159 1302 2225 Gracchorum
1347 2161 1596 2226 demum
1644 2168 1923 2249 tempore
1970 2161 2233 2248 agitatas
2278 2185 2428 2244 esse,
2466 2181 2690 2247 easque
2731 2168 2876 2226 tum

642 2285 890 2352 demum
951 2287 1342 2373 praecipuam
1403 2286 1688 2352 luxuriae
1748 2287 2119 2353 coercendae
2174 2307 2418 2353 causam
2468 2288 2691 2352 factam
2738 2307 2879 2352 esse

642 2415 830 2499 (quod
879 2414 1038 2480 iufra
1086 2414 1330 2500 plenius
1376 2414 1857 2500 demonstrabo),
1906 2420 2113 2480 tamen
2162 2415 2414 2480 retineri
2448 2433 2572 2480 non
2595 2435 2877 2501 possum,

642 2540 795 2625 quin
839 2546 1110 2605 statuam
1158 2539 1454 2606 Catonem
1499 2562 1751 2625 quoque
1794 2541 1859 2605 in
1906 2563 2164 2606 censura
2210 2541 2447 2627 agenda
2485 2540 2549 2605 id
2593 2539 2710 2604 sibi
2733 2561 2880 2628 pro·

641 2666 938 2751 posuisse,
988 2674 1062 2731 ut
1106 2667 1422 2750 equitibus
1469 2666 1781 2732 molestias
1828 2666 2162 2735 exhiberet.
2210 2666 2405 2753 Cujus
2445 2667 2757 2752 opinionis
2796 2674 2877 2731 ut

645 2792 914 2888 rationes
971 2793 1246 2871 reddam,
1303 2792 1367 2857 in
1430 2793 1786 2858 memoriam
1835 2791 2149 2874 revocabo,
2198 2815 2339 2859 eum
2388 2801 2733 2880 praetorem
2782 2793 2872 2862 fe·

641 2924 956 2983 neratores
1016 2940 1087 2983 ex
1138 2917 1422 2983 Sardinia
1466 2918 1774 3005 expulisse
1800 2918 1873 3005 ²).
1921 2900 2001 2983 Id'
2042 2926 2253 2985 autem
2290 2884 2498 3005 'genus
2541 2918 2869 2984 hominum

643 3063 886 3130 semper
930 3044 987 3107 ei
1031 3044 1305 3108 invisum
1351 3043 1559 3123 fuisse,
1598 3064 1962 3131 cognoscere
2002 3044 2150 3110 licet
2189 3068 2223 3111 e
2268 3044 2648 3131 praefatione
2694 3043 2863 3125 libri,

647 3190 833 3253 quem
880 3169 1127 3257 scripsit
1173 3168 1250 3233 de
1296 3170 1393 3235 Re
1439 3168 1733 3238 Rustica:
1774 3220 1814 3251 „
1835 3170 1947 3235 Est
1967 3170 2284 3237 interdum
2309 3178 2619 3258 praestare
2646 3193 2876 3236 merca·-

645 3294 806 3360 turis
867 3316 994 3359 rem
1060 3317 1350 3379 quaerere
1411 3295 1534 3360 nisi
1581 3302 1709 3361 tam
1756 3296 2169 3383 periculosum
2216 3297 2356 3375 siet,
2403 3303 2465 3362 et
2510 3298 2662 3362 item
2706 3297 2874 3363 fene·-

647 3420 792 3500 rari,
859 3419 910 3485 si
975 3425 1102 3485 tam
1166 3422 1422 3487 honeste
1483 3422 1622 3487 siet.
1687 3423 1949 3509 Majores
2002 3424 2196 3489 nostri
2258 3424 2345 3489 sic
2407 3421 2763 3489 habuerunt
2808 3430 2876 3489 et
2954 3503 2960 3507 ,

646 3547 736 3613 ita
794 3546 860 3611 in
923 3544 1167 3633 legibus
1225 3548 1602 3634 posiverunt,
1665 3549 1866 3615 furem
1926 3548 2103 3635 dupli
2166 3548 2584 3647 condemnari,
2643 3550 2874 3617 fenera·

648 3680 844 3739 torem
907 3674 1264 3760 quadrupli.
1336 3674 1592 3756 Quanto
1650 3676 1921 3761 pejorem
1983 3676 2175 3741 civem
2242 3676 2657 3743 existimarint
2714 3677 2875 3742 fene-

648 3810 913 3867 ratorem
958 3825 1143 3887 quam
1188 3800 1408 3883 furem,
1457 3802 1604 3868 binc
1646 3802 1793 3869 licet
1836 3800 2226 3868 existimare'’
2251 3804 2324 3889 3).

1567 4044 1953 4055 ψ*-

723 4242 772 4306 l)
803 4242 879 4297 ΟΞ.
914 4244 1074 4310 Lange
1110 4243 1145 4296 1.
1181 4244 1215 4294 1.
1250 4242 1314 4295 11.
1347 4257 1454 4311 pag.
1492 4245 1604 4297 152.
1645 4246 1921 4297 Mommsen
1959 4246 1991 4298 1.
2029 4246 2063 4297 1.
2100 4246 2142 4297 1.
2178 4262 2284 4313 pag.
2320 4248 2433 4300 850.

721 4335 775 4403 2)
814 4335 890 4387 ct.
928 4336 1033 4387 Liv.
1070 4335 1268 4386 xxxu.
1303 4335 1382 4389 27.
1850 4340 1904 4405 8)
1943 4336 2018 4390 cf.
2056 4336 2158 4388 Cic.
2193 4339 2251 4388 de
2285 4338 2380 4393 Off.
2418 4336 2491 4392 11.
2529 4338 2611 4389 25.
2698 4366 2704 4379 ·
2738 4346 2743 4351 ’
