<?xml version="1.0" encoding="UTF-8"?>
<!DOCTYPE html PUBLIC "-//W3C//DTD XHTML 1.0 Transitional//EN"
    "http://www.w3.org/TR/xhtml1/DTD/xhtml1-transitional.dtd">
<html xmlns="http://www.w3.org/1999/xhtml" xml:lang="en" lang="en">
 <head>
  <title>
</title>
<meta http-equiv="Content-Type" content="text/html;charset=utf-8" />
  <meta name='ocr-system' content='tesseract 3.04.00' />
  <meta name='ocr-capabilities' content='ocr_page ocr_carea ocr_par ocr_line ocrx_word'/>
</head>
<body>
  <div class='ocr_page' id='page_1' title='image "./deromanorumlegi00houwgoog_0033.png"; bbox 0 0 3350 5250; ppageno 0'>
   <div class='ocr_carea' id='block_1_1' title="bbox 1487 563 1564 624">
    <p class='ocr_par' dir='ltr' id='par_1_1' title="bbox 1487 563 1564 624">
     <span class='ocr_line' id='line_1_1' title="bbox 1487 563 1564 624; baseline 0.013 -1"><span class='ocrx_word' id='word_1_1' title='bbox 1487 563 1564 624; x_wconf 81' lang='lat'><strong>21</strong></span> 
     </span>
    </p>
   </div>
   <div class='ocr_carea' id='block_1_2' title="bbox 353 767 2627 3999">
    <p class='ocr_par' dir='ltr' id='par_1_2' title="bbox 355 767 2627 1360">
     <span class='ocr_line' id='line_1_2' title="bbox 367 767 2625 858; baseline 0.003 -26"><span class='ocrx_word' id='word_1_2' title='bbox 367 767 603 847; x_wconf 90' lang='lat' dir='ltr'><strong>derem,</strong></span> <span class='ocrx_word' id='word_1_3' title='bbox 653 771 787 856; x_wconf 87' lang='lat' dir='ltr'><strong>jam</strong></span> <span class='ocrx_word' id='word_1_4' title='bbox 835 770 983 835; x_wconf 91' lang='lat' dir='ltr'><strong>olim</strong></span> <span class='ocrx_word' id='word_1_5' title='bbox 1032 771 1108 835; x_wconf 89' lang='lat' dir='ltr'><strong>de</strong></span> <span class='ocrx_word' id='word_1_6' title='bbox 1156 771 1344 858; x_wconf 87' lang='lat' dir='ltr'><strong>hujus</strong></span> <span class='ocrx_word' id='word_1_7' title='bbox 1388 769 1542 857; x_wconf 86' lang='lat' dir='ltr'><strong>legis</strong></span> <span class='ocrx_word' id='word_1_8' title='bbox 1588 769 1852 837; x_wconf 86' lang='lat' dir='ltr'><strong>oonsilio</strong></span> <span class='ocrx_word' id='word_1_9' title='bbox 1898 770 2091 837; x_wconf 84' lang='lat' dir='ltr'><strong>fuisse</strong></span> <span class='ocrx_word' id='word_1_10' title='bbox 2128 772 2625 838; x_wconf 83' lang='lat' dir='ltr'><strong>controversiam.</strong></span> 
     </span>
     <span class='ocr_line' id='line_1_3' title="bbox 361 893 2627 984; baseline 0.002 -27"><span class='ocrx_word' id='word_1_11' title='bbox 361 893 463 958; x_wconf 88' lang='lat' dir='ltr'><strong>Ad</strong></span> <span class='ocrx_word' id='word_1_12' title='bbox 509 919 618 960; x_wconf 91' lang='lat' dir='ltr'><strong>me</strong></span> <span class='ocrx_word' id='word_1_13' title='bbox 672 903 887 961; x_wconf 87' lang='lat' dir='ltr'><strong>autem</strong></span> <span class='ocrx_word' id='word_1_14' title='bbox 935 897 1101 981; x_wconf 89' lang='lat' dir='ltr'><strong>quod</strong></span> <span class='ocrx_word' id='word_1_15' title='bbox 1150 897 1400 978; x_wconf 79' lang='lat' dir='ltr'><strong>attinet,</strong></span> <span class='ocrx_word' id='word_1_16' title='bbox 1449 897 1686 978; x_wconf 82' lang='lat' dir='ltr'><strong>eadem,</strong></span> <span class='ocrx_word' id='word_1_17' title='bbox 1722 919 1909 982; x_wconf 88' lang='lat' dir='ltr'><strong>quam</strong></span> <span class='ocrx_word' id='word_1_18' title='bbox 1947 919 2136 984; x_wconf 88' lang='lat' dir='ltr'><strong>supra</strong></span> <span class='ocrx_word' id='word_1_19' title='bbox 2161 898 2418 984; x_wconf 86' lang='lat' dir='ltr'><strong>exposui</strong></span> <span class='ocrx_word' id='word_1_20' title='bbox 2440 920 2627 964; x_wconf 84' lang='lat' dir='ltr'><strong>causa</strong></span> 
     </span>
     <span class='ocr_line' id='line_1_4' title="bbox 361 1021 2624 1111; baseline 0.003 -28"><span class='ocrx_word' id='word_1_21' title='bbox 361 1029 573 1085; x_wconf 86' lang='lat' dir='ltr'><strong>movet</strong></span> <span class='ocrx_word' id='word_1_22' title='bbox 655 1045 776 1102; x_wconf 89' lang='lat' dir='ltr'><strong>me,</strong></span> <span class='ocrx_word' id='word_1_23' title='bbox 840 1025 914 1087; x_wconf 86' lang='lat' dir='ltr'><strong>ut</strong></span> <span class='ocrx_word' id='word_1_24' title='bbox 961 1022 1301 1088; x_wconf 77' lang='lat' dir='ltr'><strong>existimem</strong></span> <span class='ocrx_word' id='word_1_25' title='bbox 1347 1023 1530 1109; x_wconf 89' lang='lat' dir='ltr'><strong>longe</strong></span> <span class='ocrx_word' id='word_1_26' title='bbox 1575 1023 1751 1088; x_wconf 86' lang='lat' dir='ltr'><strong>aliud</strong></span> <span class='ocrx_word' id='word_1_27' title='bbox 1800 1023 1952 1108; x_wconf 88' lang='lat' dir='ltr'><strong>quid</strong></span> <span class='ocrx_word' id='word_1_28' title='bbox 2002 1021 2278 1088; x_wconf 80' lang='lat' dir='ltr'><strong>Numam</strong></span> <span class='ocrx_word' id='word_1_29' title='bbox 2326 1023 2440 1088; x_wconf 81' lang='lat' dir='ltr'><strong>hac</strong></span> <span class='ocrx_word' id='word_1_30' title='bbox 2487 1025 2624 1111; x_wconf 91' lang='lat' dir='ltr'><strong>lege</strong></span> 
     </span>
     <span class='ocr_line' id='line_1_5' title="bbox 355 1123 2621 1236; baseline 0.003 -28"><span class='ocrx_word' id='word_1_31' title='bbox 355 1143 688 1210; x_wconf 49' lang='lat' dir='ltr'><strong>faciendas</strong></span> <span class='ocrx_word' id='word_1_32' title='bbox 732 1154 1063 1234; x_wconf 80' lang='lat' dir='ltr'><strong>spectasse.</strong></span> <span class='ocrx_word' id='word_1_33' title='bbox 1134 1147 1304 1230; x_wconf 79' lang='lat' dir='ltr'><strong>Quid</strong></span> <span class='ocrx_word' id='word_1_34' title='bbox 1329 1123 1580 1214; x_wconf 81' lang='lat' dir='ltr'><strong>‘autem</strong></span> <span class='ocrx_word' id='word_1_35' title='bbox 1643 1148 1776 1234; x_wconf 86' lang='lat' dir='ltr'><strong>ejus</strong></span> <span class='ocrx_word' id='word_1_36' title='bbox 1843 1148 2035 1214; x_wconf 82' lang='lat' dir='ltr'><strong>suerit</strong></span> <span class='ocrx_word' id='word_1_37' title='bbox 2100 1148 2452 1229; x_wconf 89' lang='lat' dir='ltr'><strong>consilium,</strong></span> <span class='ocrx_word' id='word_1_38' title='bbox 2493 1150 2621 1236; x_wconf 84' lang='lat' dir='ltr'><strong>jam</strong></span> 
     </span>
     <span class='ocr_line' id='line_1_6' title="bbox 363 1273 1737 1360; baseline 0.006 -27"><span class='ocrx_word' id='word_1_39' title='bbox 363 1273 676 1356; x_wconf 87' lang='lat' dir='ltr'><strong>sequitur</strong></span> <span class='ocrx_word' id='word_1_40' title='bbox 725 1282 801 1338; x_wconf 87' lang='lat' dir='ltr'><strong>ut</strong></span> <span class='ocrx_word' id='word_1_41' title='bbox 848 1273 1248 1360; x_wconf 83' lang='lat' dir='ltr'><strong>explicemus.</strong></span> <span class='ocrx_word' id='word_1_42' title='bbox 1730 1273 1737 1282; x_wconf 79' lang='grc'><em>’</em></span> 
     </span>
    </p>

    <p class='ocr_par' dir='ltr' id='par_1_3' title="bbox 353 1395 2622 3999">
     <span class='ocr_line' id='line_1_7' title="bbox 442 1395 2622 1486; baseline 0.003 -27"><span class='ocrx_word' id='word_1_43' title='bbox 442 1395 848 1464; x_wconf 77' lang='lat' dir='ltr'><strong>Plutarchus</strong></span> <span class='ocrx_word' id='word_1_44' title='bbox 889 1398 1159 1464; x_wconf 87' lang='lat' dir='ltr'><strong>Numam</strong></span> <span class='ocrx_word' id='word_1_45' title='bbox 1197 1396 1274 1462; x_wconf 88' lang='lat' dir='ltr'><strong>ad</strong></span> <span class='ocrx_word' id='word_1_46' title='bbox 1321 1398 1891 1486; x_wconf 78' lang='lat' dir='ltr'><strong>Pythagoraeorum</strong></span> <span class='ocrx_word' id='word_1_47' title='bbox 1917 1399 2391 1466; x_wconf 86' lang='lat' dir='ltr'><strong>similitudinem</strong></span> <span class='ocrx_word' id='word_1_48' title='bbox 2420 1401 2622 1466; x_wconf 86' lang='lat' dir='ltr'><strong>multa</strong></span> 
     </span>
     <span class='ocr_line' id='line_1_8' title="bbox 355 1524 2619 1612; baseline 0.002 -25"><span class='ocrx_word' id='word_1_49' title='bbox 355 1525 763 1612; x_wconf 84' lang='lat' dir='ltr'><strong>praescripta</strong></span> <span class='ocrx_word' id='word_1_50' title='bbox 840 1524 1084 1592; x_wconf 87' lang='lat' dir='ltr'><strong>dedisse</strong></span> <span class='ocrx_word' id='word_1_51' title='bbox 1143 1534 1462 1606; x_wconf 84' lang='lat' dir='ltr'><strong>asseverat,</strong></span> <span class='ocrx_word' id='word_1_52' title='bbox 1534 1548 1801 1611; x_wconf 89' lang='lat' dir='ltr'><strong>quorum</strong></span> <span class='ocrx_word' id='word_1_53' title='bbox 1864 1547 2157 1591; x_wconf 86' lang='lat' dir='ltr'><strong>arcanum</strong></span> <span class='ocrx_word' id='word_1_54' title='bbox 2201 1525 2413 1591; x_wconf 84' lang='lat' dir='ltr'><strong>-fuerit</strong></span> <span class='ocrx_word' id='word_1_55' title='bbox 2477 1549 2619 1591; x_wconf 87' lang='lat' dir='ltr'><strong>con·</strong></span> 
     </span>
     <span class='ocr_line' id='line_1_9' title="bbox 353 1641 2619 1732; baseline 0.004 -23"><span class='ocrx_word' id='word_1_56' title='bbox 353 1648 618 1715; x_wconf 85' lang='lat' dir='ltr'><strong>silium:</strong></span> <span class='ocrx_word' id='word_1_57' title='bbox 694 1645 848 1724; x_wconf 72' lang='grc' dir='ltr'><strong>..οἷον</strong></span> <span class='ocrx_word' id='word_1_58' title='bbox 916 1652 982 1718; x_wconf 79' lang='grc' dir='ltr'><strong>τὸ</strong></span> <span class='ocrx_word' id='word_1_59' title='bbox 1043 1654 1130 1730; x_wconf 68' lang='grc' dir='ltr'><strong>μὴ</strong></span> <span class='ocrx_word' id='word_1_60' title='bbox 1176 1651 1436 1716; x_wconf 78' lang='grc' dir='ltr'><em>σπένδειν</em></span> <span class='ocrx_word' id='word_1_61' title='bbox 1481 1653 1625 1725; x_wconf 79' lang='grc' dir='ltr'><em>θεοῖς</em></span> <span class='ocrx_word' id='word_1_62' title='bbox 1671 1641 1755 1727; x_wconf 64' lang='grc' dir='ltr'><strong>ἐξ</strong></span> <span class='ocrx_word' id='word_1_63' title='bbox 1781 1651 2069 1730; x_wconf 68' lang='grc' dir='ltr'><strong><em>ἀμπέλων</em></strong></span> <span class='ocrx_word' id='word_1_64' title='bbox 2113 1651 2418 1730; x_wconf 58' lang='lat' dir='ltr'><strong>cirasia-cuv,</strong></span> <span class='ocrx_word' id='word_1_65' title='bbox 2466 1652 2619 1732; x_wconf 79' lang='grc' dir='ltr'><em>μηδὲ</em></span> 
     </span>
     <span class='ocr_line' id='line_1_10' title="bbox 357 1770 2612 1858; baseline 0.002 -22"><span class='ocrx_word' id='word_1_66' title='bbox 357 1772 504 1837; x_wconf 79' lang='grc' dir='ltr'><em>θύειν</em></span> <span class='ocrx_word' id='word_1_67' title='bbox 553 1775 703 1858; x_wconf 74' lang='grc' dir='ltr'><strong><em>ἄτερ</em></strong></span> <span class='ocrx_word' id='word_1_68' title='bbox 752 1776 1042 1858; x_wconf 73' lang='grc' dir='ltr'><strong>ἀλφίτων·</strong></span> <span class='ocrx_word' id='word_1_69' title='bbox 1088 1801 1141 1840; x_wconf 86' lang='grc' dir='ltr'><strong>κ.</strong></span> <span class='ocrx_word' id='word_1_70' title='bbox 1168 1800 1225 1840; x_wconf 79' lang='grc' dir='ltr'><strong>τ.</strong></span> <span class='ocrx_word' id='word_1_71' title='bbox 1250 1791 1306 1841; x_wconf 80' lang='grc' dir='ltr'><strong>λ.</strong></span> <span class='ocrx_word' id='word_1_72' title='bbox 1334 1824 1349 1840; x_wconf 95' lang='grc'><strong>.</strong></span> <span class='ocrx_word' id='word_1_73' title='bbox 1382 1824 1397 1840; x_wconf 94' lang='grc'><strong>.</strong></span> <span class='ocrx_word' id='word_1_74' title='bbox 1424 1825 1438 1839; x_wconf 95' lang='grc'><strong>.</strong></span> <span class='ocrx_word' id='word_1_75' title='bbox 1468 1824 1482 1840; x_wconf 94' lang='grc'><strong>.</strong></span> <span class='ocrx_word' id='word_1_76' title='bbox 1535 1775 1639 1841; x_wconf 70' lang='grc' dir='ltr'><strong>Τά</strong></span> <span class='ocrx_word' id='word_1_77' title='bbox 1677 1777 1788 1855; x_wconf 80' lang='grc' dir='ltr'><strong>μὲν</strong></span> <span class='ocrx_word' id='word_1_78' title='bbox 1823 1770 1925 1840; x_wconf 70' lang='grc' dir='ltr'><strong>οὖν</strong></span> <span class='ocrx_word' id='word_1_79' title='bbox 1970 1779 2171 1857; x_wconf 76' lang='grc' dir='ltr'><strong><em>πρῶτα</em></strong></span> <span class='ocrx_word' id='word_1_80' title='bbox 2220 1775 2317 1841; x_wconf 77' lang='grc' dir='ltr'><strong>δύο</strong></span> <span class='ocrx_word' id='word_1_81' title='bbox 2340 1783 2455 1854; x_wconf 73' lang='grc' dir='ltr'><strong>γῆς</strong></span> <span class='ocrx_word' id='word_1_82' title='bbox 2478 1772 2612 1852; x_wconf 75' lang='grc' dir='ltr'><em>ἐξη-</em></span> 
     </span>
     <span class='ocr_line' id='line_1_11' title="bbox 360 1879 2617 1988; baseline 0.001 -25"><span class='ocrx_word' id='word_1_83' title='bbox 360 1897 616 1980; x_wconf 69' lang='grc' dir='ltr'><em>μέρωσιν</em></span> <span class='ocrx_word' id='word_1_84' title='bbox 654 1899 800 1966; x_wconf 79' lang='grc' dir='ltr'><strong><em>ἔοικε</em></strong></span> <span class='ocrx_word' id='word_1_85' title='bbox 835 1899 1162 1966; x_wconf 46' lang='grc' dir='ltr'><strong>διδῶ-καθ’</strong></span> <span class='ocrx_word' id='word_1_86' title='bbox 1191 1903 1261 1988; x_wconf 89' lang='grc'><strong>1).</strong></span> <span class='ocrx_word' id='word_1_87' title='bbox 1290 1901 1588 1967; x_wconf 89' lang='lat' dir='ltr'><strong>Similiter</strong></span> <span class='ocrx_word' id='word_1_88' title='bbox 1617 1901 1896 1967; x_wconf 87' lang='lat' dir='ltr'><strong>Plinius:</strong></span> <span class='ocrx_word' id='word_1_89' title='bbox 1923 1951 1963 1981; x_wconf 93' lang='lat'><strong>‚,</strong></span> <span class='ocrx_word' id='word_1_90' title='bbox 1982 1899 2230 1966; x_wconf 86' lang='lat' dir='ltr'><strong>Numae</strong></span> <span class='ocrx_word' id='word_1_91' title='bbox 2255 1879 2417 1987; x_wconf 76' lang='lat' dir='ltr'><strong>regis</strong></span> <span class='ocrx_word' id='word_1_92' title='bbox 2441 1901 2617 1966; x_wconf 90' lang='lat' dir='ltr'><strong>Post-</strong></span> 
     </span>
     <span class='ocr_line' id='line_1_12' title="bbox 365 2019 2615 2114; baseline 0.003 -29"><span class='ocrx_word' id='word_1_93' title='bbox 365 2020 594 2088; x_wconf 90' lang='lat' dir='ltr'><strong>humia</strong></span> <span class='ocrx_word' id='word_1_94' title='bbox 645 2025 748 2092; x_wconf 87' lang='lat' dir='ltr'><strong>lex</strong></span> <span class='ocrx_word' id='word_1_95' title='bbox 797 2032 924 2091; x_wconf 87' lang='lat' dir='ltr'><strong>est:</strong></span> <span class='ocrx_word' id='word_1_96' title='bbox 977 2027 1118 2092; x_wconf 87' lang='lat' dir='ltr'><strong>vino</strong></span> <span class='ocrx_word' id='word_1_97' title='bbox 1163 2049 1384 2111; x_wconf 89' lang='lat' dir='ltr'><strong>rogum</strong></span> <span class='ocrx_word' id='word_1_98' title='bbox 1423 2050 1500 2091; x_wconf 92' lang='lat' dir='ltr'><strong>ne</strong></span> <span class='ocrx_word' id='word_1_99' title='bbox 1539 2027 1897 2114; x_wconf 88' lang='lat' dir='ltr'><strong>respargito.</strong></span> <span class='ocrx_word' id='word_1_100' title='bbox 1923 2025 2107 2106; x_wconf 77' lang='lat' dir='ltr'><strong>Quod</strong></span> <span class='ocrx_word' id='word_1_101' title='bbox 2134 2028 2405 2092; x_wconf 84' lang='lat' dir='ltr'><strong>sanxisse</strong></span> <span class='ocrx_word' id='word_1_102' title='bbox 2429 2019 2615 2093; x_wconf 67' lang='lat' dir='ltr'><strong>illum&#39;</strong></span> 
     </span>
     <span class='ocr_line' id='line_1_13' title="bbox 364 2151 2615 2240; baseline 0.002 -27"><span class='ocrx_word' id='word_1_103' title='bbox 364 2159 632 2235; x_wconf 85' lang='lat' dir='ltr'><strong>propter</strong></span> <span class='ocrx_word' id='word_1_104' title='bbox 678 2152 950 2240; x_wconf 87' lang='lat' dir='ltr'><strong>inopiam</strong></span> <span class='ocrx_word' id='word_1_105' title='bbox 995 2153 1086 2217; x_wconf 89' lang='lat' dir='ltr'><strong>rei</strong></span> <span class='ocrx_word' id='word_1_106' title='bbox 1130 2174 1311 2218; x_wconf 89' lang='lat' dir='ltr'><strong>nemo</strong></span> <span class='ocrx_word' id='word_1_107' title='bbox 1349 2151 1616 2217; x_wconf 88' lang='lat' dir='ltr'><strong>dubitet.</strong></span> <span class='ocrx_word' id='word_1_108' title='bbox 1657 2152 1946 2217; x_wconf 83' lang='lat' dir='ltr'><strong>Eadem</strong></span> <span class='ocrx_word' id='word_1_109' title='bbox 1987 2152 2169 2238; x_wconf 91' lang='lat' dir='ltr'><strong>lege</strong></span> <span class='ocrx_word' id='word_1_110' title='bbox 2204 2175 2279 2216; x_wconf 89' lang='lat' dir='ltr'><strong>ex</strong></span> <span class='ocrx_word' id='word_1_111' title='bbox 2303 2153 2615 2238; x_wconf 85' lang='lat' dir='ltr'><strong>imputata</strong></span> 
     </span>
     <span class='ocr_line' id='line_1_14' title="bbox 361 2274 2605 2364; baseline 0.002 -27"><span class='ocrx_word' id='word_1_112' title='bbox 361 2274 490 2339; x_wconf 83' lang='lat' dir='ltr'><strong>vite</strong></span> <span class='ocrx_word' id='word_1_113' title='bbox 560 2277 754 2342; x_wconf 86' lang='lat' dir='ltr'><strong>libari</strong></span> <span class='ocrx_word' id='word_1_114' title='bbox 811 2277 954 2342; x_wconf 85' lang='lat' dir='ltr'><strong>vina</strong></span> <span class='ocrx_word' id='word_1_115' title='bbox 1015 2277 1134 2342; x_wconf 87' lang='lat' dir='ltr'><strong>diis</strong></span> <span class='ocrx_word' id='word_1_116' title='bbox 1179 2277 1350 2342; x_wconf 83' lang='lat' dir='ltr'><strong>nefas</strong></span> <span class='ocrx_word' id='word_1_117' title='bbox 1395 2276 1639 2359; x_wconf 84' lang='lat' dir='ltr'><strong>statuit,</strong></span> <span class='ocrx_word' id='word_1_118' title='bbox 1688 2276 1932 2342; x_wconf 86' lang='lat' dir='ltr'><strong>ratione</strong></span> <span class='ocrx_word' id='word_1_119' title='bbox 1979 2277 2328 2362; x_wconf 83' lang='lat' dir='ltr'><strong>excogitata</strong></span> <span class='ocrx_word' id='word_1_120' title='bbox 2371 2283 2447 2342; x_wconf 94' lang='lat' dir='ltr'><strong>ut</strong></span> <span class='ocrx_word' id='word_1_121' title='bbox 2490 2299 2605 2364; x_wconf 88' lang='lat' dir='ltr'><strong>pu·</strong></span> 
     </span>
     <span class='ocr_line' id='line_1_15' title="bbox 361 2402 2611 2490; baseline 0.002 -28"><span class='ocrx_word' id='word_1_122' title='bbox 361 2405 497 2464; x_wconf 88' lang='lat' dir='ltr'><strong>tare</strong></span> <span class='ocrx_word' id='word_1_123' title='bbox 549 2411 932 2488; x_wconf 86' lang='lat' dir='ltr'><strong>cogerentur</strong></span> <span class='ocrx_word' id='word_1_124' title='bbox 977 2402 1131 2468; x_wconf 87' lang='lat' dir='ltr'><strong>alias</strong></span> <span class='ocrx_word' id='word_1_125' title='bbox 1169 2411 1442 2469; x_wconf 86' lang='lat' dir='ltr'><strong>aratores</strong></span> <span class='ocrx_word' id='word_1_126' title='bbox 1467 2411 1531 2467; x_wconf 92' lang='lat' dir='ltr'><strong>et</strong></span> <span class='ocrx_word' id='word_1_127' title='bbox 1553 2403 1716 2488; x_wconf 84' lang='lat' dir='ltr'><strong>pigri</strong></span> <span class='ocrx_word' id='word_1_128' title='bbox 1741 2402 1901 2468; x_wconf 83' lang='lat' dir='ltr'><strong>circa</strong></span> <span class='ocrx_word' id='word_1_129' title='bbox 1925 2403 2204 2490; x_wconf 87' lang='lat' dir='ltr'><strong>pericula</strong></span> <span class='ocrx_word' id='word_1_130' title='bbox 2227 2402 2507 2469; x_wconf 88' lang='lat' dir='ltr'><strong>arbusti”</strong></span> <span class='ocrx_word' id='word_1_131' title='bbox 2540 2406 2611 2489; x_wconf 79' lang='lat'><strong>2).</strong></span> 
     </span>
     <span class='ocr_line' id='line_1_16' title="bbox 367 2521 2608 2614; baseline 0.003 -26"><span class='ocrx_word' id='word_1_132' title='bbox 367 2523 488 2590; x_wconf 89' lang='lat' dir='ltr'><strong>His</strong></span> <span class='ocrx_word' id='word_1_133' title='bbox 562 2527 721 2594; x_wconf 89' lang='lat' dir='ltr'><strong>locis</strong></span> <span class='ocrx_word' id='word_1_134' title='bbox 783 2528 949 2593; x_wconf 86' lang='lat' dir='ltr'><strong>inter</strong></span> <span class='ocrx_word' id='word_1_135' title='bbox 992 2521 1073 2594; x_wconf 77' lang='lat' dir='ltr'><strong>&#39;se</strong></span> <span class='ocrx_word' id='word_1_136' title='bbox 1133 2528 1375 2598; x_wconf 84' lang='lat' dir='ltr'><strong>collatis</strong></span> <span class='ocrx_word' id='word_1_137' title='bbox 1436 2527 1602 2593; x_wconf 87' lang='lat' dir='ltr'><strong>haud</strong></span> <span class='ocrx_word' id='word_1_138' title='bbox 1665 2528 1884 2614; x_wconf 90' lang='lat' dir='ltr'><strong>procul</strong></span> <span class='ocrx_word' id='word_1_139' title='bbox 1932 2528 2086 2592; x_wconf 82' lang='lat' dir='ltr'><strong>mihi</strong></span> <span class='ocrx_word' id='word_1_140' title='bbox 2130 2527 2340 2594; x_wconf 84' lang='lat' dir='ltr'><strong>videor</strong></span> <span class='ocrx_word' id='word_1_141' title='bbox 2383 2551 2420 2593; x_wconf 86' lang='lat' dir='ltr'><strong>a</strong></span> <span class='ocrx_word' id='word_1_142' title='bbox 2464 2551 2608 2594; x_wconf 88' lang='lat' dir='ltr'><strong>vero</strong></span> 
     </span>
     <span class='ocr_line' id='line_1_17' title="bbox 359 2650 2612 2740; baseline 0.004 -27"><span class='ocrx_word' id='word_1_143' title='bbox 359 2650 600 2735; x_wconf 85' lang='lat' dir='ltr'><strong>abesse,</strong></span> <span class='ocrx_word' id='word_1_144' title='bbox 663 2656 718 2719; x_wconf 89' lang='lat' dir='ltr'><strong>si</strong></span> <span class='ocrx_word' id='word_1_145' title='bbox 777 2662 1046 2720; x_wconf 89' lang='lat' dir='ltr'><strong>statuam</strong></span> <span class='ocrx_word' id='word_1_146' title='bbox 1105 2654 1181 2720; x_wconf 86' lang='lat' dir='ltr'><strong>ad</strong></span> <span class='ocrx_word' id='word_1_147' title='bbox 1230 2656 1372 2720; x_wconf 88' lang='lat' dir='ltr'><strong>vitis</strong></span> <span class='ocrx_word' id='word_1_148' title='bbox 1418 2654 1730 2720; x_wconf 87' lang='lat' dir='ltr'><strong>culturam</strong></span> <span class='ocrx_word' id='word_1_149' title='bbox 1778 2654 2115 2740; x_wconf 83' lang='lat' dir='ltr'><strong>juvandam</strong></span> <span class='ocrx_word' id='word_1_150' title='bbox 2163 2655 2437 2721; x_wconf 86' lang='lat' dir='ltr'><strong>Numam</strong></span> <span class='ocrx_word' id='word_1_151' title='bbox 2494 2657 2612 2722; x_wconf 88' lang='lat' dir='ltr'><strong>hoc</strong></span> 
     </span>
     <span class='ocr_line' id='line_1_18' title="bbox 359 2779 2594 2868; baseline 0.001 -27"><span class='ocrx_word' id='word_1_152' title='bbox 359 2781 817 2868; x_wconf 85' lang='lat' dir='ltr'><strong>praescriptum</strong></span> <span class='ocrx_word' id='word_1_153' title='bbox 859 2780 1120 2845; x_wconf 87' lang='lat' dir='ltr'><strong>dedisse.</strong></span> <span class='ocrx_word' id='word_1_154' title='bbox 1169 2781 1330 2845; x_wconf 86' lang='lat' dir='ltr'><strong>Nam</strong></span> <span class='ocrx_word' id='word_1_155' title='bbox 1379 2802 1604 2865; x_wconf 84' lang='lat' dir='ltr'><strong>magno</strong></span> <span class='ocrx_word' id='word_1_156' title='bbox 1641 2781 1768 2865; x_wconf 87' lang='lat' dir='ltr'><strong>jam</strong></span> <span class='ocrx_word' id='word_1_157' title='bbox 1818 2787 1956 2845; x_wconf 88' lang='lat' dir='ltr'><strong>tum</strong></span> <span class='ocrx_word' id='word_1_158' title='bbox 2003 2781 2217 2845; x_wconf 84' lang='lat' dir='ltr'><strong>vinum</strong></span> <span class='ocrx_word' id='word_1_159' title='bbox 2243 2779 2594 2846; x_wconf 82' lang='lat' dir='ltr'><strong>Romanum</strong></span> 
     </span>
     <span class='ocr_line' id='line_1_19' title="bbox 361 2906 2599 2994; baseline 0.002 -27"><span class='ocrx_word' id='word_1_160' title='bbox 361 2906 566 2988; x_wconf 87' lang='lat' dir='ltr'><strong>pretio</strong></span> <span class='ocrx_word' id='word_1_161' title='bbox 638 2908 847 2988; x_wconf 83' lang='lat' dir='ltr'><strong>fuisse,</strong></span> <span class='ocrx_word' id='word_1_162' title='bbox 919 2906 1269 2991; x_wconf 88' lang='lat' dir='ltr'><strong>uberesque</strong></span> <span class='ocrx_word' id='word_1_163' title='bbox 1313 2907 1559 2971; x_wconf 85' lang='lat' dir='ltr'><strong>fructus</strong></span> <span class='ocrx_word' id='word_1_164' title='bbox 1604 2930 1681 2971; x_wconf 80' lang='lat' dir='ltr'><strong>ex</strong></span> <span class='ocrx_word' id='word_1_165' title='bbox 1726 2907 1854 2971; x_wconf 86' lang='lat' dir='ltr'><strong>vini</strong></span> <span class='ocrx_word' id='word_1_166' title='bbox 1900 2906 2153 2971; x_wconf 86' lang='lat' dir='ltr'><strong>cultura</strong></span> <span class='ocrx_word' id='word_1_167' title='bbox 2190 2907 2423 2972; x_wconf 88' lang='lat' dir='ltr'><strong>incolas</strong></span> <span class='ocrx_word' id='word_1_168' title='bbox 2465 2930 2599 2994; x_wconf 88' lang='lat' dir='ltr'><strong>per-</strong></span> 
     </span>
     <span class='ocr_line' id='line_1_20' title="bbox 362 3030 2598 3120; baseline 0.002 -27"><span class='ocrx_word' id='word_1_169' title='bbox 362 3032 600 3117; x_wconf 86' lang='lat' dir='ltr'><strong>cepisse</strong></span> <span class='ocrx_word' id='word_1_170' title='bbox 651 3039 717 3111; x_wconf 74' lang='lat' dir='ltr'><strong>et</strong></span> <span class='ocrx_word' id='word_1_171' title='bbox 754 3034 1008 3099; x_wconf 86' lang='lat' dir='ltr'><strong>aliunde</strong></span> <span class='ocrx_word' id='word_1_172' title='bbox 1035 3032 1102 3118; x_wconf 82' lang='lat'><strong>3),</strong></span> <span class='ocrx_word' id='word_1_173' title='bbox 1130 3040 1194 3099; x_wconf 90' lang='lat' dir='ltr'><strong>et</strong></span> <span class='ocrx_word' id='word_1_174' title='bbox 1218 3055 1292 3098; x_wconf 89' lang='lat' dir='ltr'><strong>ex</strong></span> <span class='ocrx_word' id='word_1_175' title='bbox 1317 3033 1786 3098; x_wconf 85' lang='lat' dir='ltr'><strong>narratiuncula</strong></span> <span class='ocrx_word' id='word_1_176' title='bbox 1810 3056 1845 3097; x_wconf 89' lang='lat' dir='ltr'><strong>a</strong></span> <span class='ocrx_word' id='word_1_177' title='bbox 1868 3030 2076 3096; x_wconf 90' lang='lat' dir='ltr'><strong>Plinio</strong></span> <span class='ocrx_word' id='word_1_178' title='bbox 2102 3032 2299 3098; x_wconf 87' lang='lat' dir='ltr'><strong>relata</strong></span> <span class='ocrx_word' id='word_1_179' title='bbox 2322 3039 2598 3120; x_wconf 86' lang='lat' dir='ltr'><strong>apparet.</strong></span> 
     </span>
     <span class='ocr_line' id='line_1_21' title="bbox 361 3152 2603 3239; baseline 0.004 -23"><span class='ocrx_word' id='word_1_180' title='bbox 361 3152 583 3223; x_wconf 85' lang='lat' dir='ltr'><strong>Tradit</strong></span> <span class='ocrx_word' id='word_1_181' title='bbox 654 3159 820 3223; x_wconf 90' lang='lat' dir='ltr'><strong>enim</strong></span> <span class='ocrx_word' id='word_1_182' title='bbox 882 3159 1130 3224; x_wconf 88' lang='lat' dir='ltr'><strong>Plinius</strong></span> <span class='ocrx_word' id='word_1_183' title='bbox 1188 3165 1442 3224; x_wconf 87' lang='lat' dir='ltr'><strong>auctore</strong></span> <span class='ocrx_word' id='word_1_184' title='bbox 1503 3157 1804 3236; x_wconf 89' lang='lat' dir='ltr'><strong>Varrone,</strong></span> <span class='ocrx_word' id='word_1_185' title='bbox 1854 3158 2263 3239; x_wconf 83' lang='lat' dir='ltr'><strong>Mezentium,</strong></span> <span class='ocrx_word' id='word_1_186' title='bbox 2312 3158 2603 3224; x_wconf 85' lang='lat' dir='ltr'><strong>Etruriae</strong></span> 
     </span>
     <span class='ocr_line' id='line_1_22' title="bbox 364 3283 2602 3366; baseline 0.001 -22"><span class='ocrx_word' id='word_1_187' title='bbox 364 3302 594 3366; x_wconf 89' lang='lat' dir='ltr'><strong>regem,</strong></span> <span class='ocrx_word' id='word_1_188' title='bbox 644 3285 950 3350; x_wconf 87' lang='lat' dir='ltr'><strong>auxilium</strong></span> <span class='ocrx_word' id='word_1_189' title='bbox 1000 3284 1260 3350; x_wconf 84' lang='lat' dir='ltr'><strong>Rutulis</strong></span> <span class='ocrx_word' id='word_1_190' title='bbox 1303 3292 1519 3349; x_wconf 89' lang='lat' dir='ltr'><strong>contra</strong></span> <span class='ocrx_word' id='word_1_191' title='bbox 1563 3284 1824 3349; x_wconf 87' lang='lat' dir='ltr'><strong>Latinos</strong></span> <span class='ocrx_word' id='word_1_192' title='bbox 1870 3283 2097 3349; x_wconf 88' lang='lat' dir='ltr'><strong>tulisse</strong></span> <span class='ocrx_word' id='word_1_193' title='bbox 2144 3283 2275 3348; x_wconf 87' lang='lat' dir='ltr'><strong>vini</strong></span> <span class='ocrx_word' id='word_1_194' title='bbox 2304 3285 2602 3361; x_wconf 88' lang='lat' dir='ltr'><strong>mercede,</strong></span> 
     </span>
     <span class='ocr_line' id='line_1_23' title="bbox 369 3378 2599 3494; baseline 0 -23"><span class='ocrx_word' id='word_1_195' title='bbox 369 3410 538 3489; x_wconf 89' lang='lat' dir='ltr'><strong>quod</strong></span> <span class='ocrx_word' id='word_1_196' title='bbox 585 3418 721 3475; x_wconf 91' lang='lat' dir='ltr'><strong>tum</strong></span> <span class='ocrx_word' id='word_1_197' title='bbox 771 3410 834 3473; x_wconf 92' lang='lat' dir='ltr'><strong>in</strong></span> <span class='ocrx_word' id='word_1_198' title='bbox 883 3378 1109 3474; x_wconf 68' lang='lat' dir='ltr'><strong>Latino</strong></span> <span class='ocrx_word' id='word_1_199' title='bbox 1155 3431 1302 3494; x_wconf 85' lang='lat' dir='ltr'><strong>agro</strong></span> <span class='ocrx_word' id='word_1_200' title='bbox 1346 3409 1566 3473; x_wconf 85' lang='lat' dir='ltr'><strong>fuisset</strong></span> <span class='ocrx_word' id='word_1_201' title='bbox 1587 3410 1654 3492; x_wconf 84' lang='lat'><strong>⁴).</strong></span> <span class='ocrx_word' id='word_1_202' title='bbox 1688 3408 1849 3489; x_wconf 70' lang='lat' dir='ltr'><strong>Quo</strong></span> <span class='ocrx_word' id='word_1_203' title='bbox 1898 3408 2093 3493; x_wconf 89' lang='lat' dir='ltr'><strong>magis</strong></span> <span class='ocrx_word' id='word_1_204' title='bbox 2140 3414 2369 3493; x_wconf 87' lang='lat' dir='ltr'><strong>pateat,</strong></span> <span class='ocrx_word' id='word_1_205' title='bbox 2416 3430 2599 3491; x_wconf 88' lang='lat' dir='ltr'><strong>quam</strong></span> 
     </span>
     <span class='ocr_line' id='line_1_24' title="bbox 367 3512 2601 3620; baseline 0.001 -27"><span class='ocrx_word' id='word_1_206' title='bbox 367 3532 489 3597; x_wconf 84' lang='lat' dir='ltr'><strong>vim</strong></span> <span class='ocrx_word' id='word_1_207' title='bbox 556 3537 622 3600; x_wconf 88' lang='lat' dir='ltr'><strong>in</strong></span> <span class='ocrx_word' id='word_1_208' title='bbox 675 3536 931 3600; x_wconf 88' lang='lat' dir='ltr'><strong>illorum</strong></span> <span class='ocrx_word' id='word_1_209' title='bbox 979 3541 1327 3620; x_wconf 86' lang='lat' dir='ltr'><strong>temporum</strong></span> <span class='ocrx_word' id='word_1_210' title='bbox 1375 3512 1766 3620; x_wconf 67' lang='lat' dir='ltr'><strong>legislatione</strong></span> <span class='ocrx_word' id='word_1_211' title='bbox 1814 3533 1941 3598; x_wconf 87' lang='lat' dir='ltr'><strong>vini</strong></span> <span class='ocrx_word' id='word_1_212' title='bbox 1991 3533 2241 3597; x_wconf 87' lang='lat' dir='ltr'><strong>cultura</strong></span> <span class='ocrx_word' id='word_1_213' title='bbox 2288 3532 2601 3613; x_wconf 86' lang='lat' dir='ltr'><strong>habuerit,</strong></span> 
     </span>
     <span class='ocr_line' id='line_1_25' title="bbox 371 3655 2599 3743; baseline 0 -24"><span class='ocrx_word' id='word_1_214' title='bbox 371 3655 471 3723; x_wconf 85' lang='lat' dir='ltr'><strong>hic</strong></span> <span class='ocrx_word' id='word_1_215' title='bbox 538 3663 604 3727; x_wconf 90' lang='lat' dir='ltr'><strong>in</strong></span> <span class='ocrx_word' id='word_1_216' title='bbox 662 3661 1019 3726; x_wconf 87' lang='lat' dir='ltr'><strong>memoriam</strong></span> <span class='ocrx_word' id='word_1_217' title='bbox 1052 3682 1356 3725; x_wconf 69' lang='lat' dir='ltr'><strong>revocare</strong></span> <span class='ocrx_word' id='word_1_218' title='bbox 1403 3658 1598 3740; x_wconf 86' lang='lat' dir='ltr'><strong>lubet,</strong></span> <span class='ocrx_word' id='word_1_219' title='bbox 1646 3658 1813 3743; x_wconf 87' lang='lat' dir='ltr'><strong>quod</strong></span> <span class='ocrx_word' id='word_1_220' title='bbox 1861 3659 1961 3723; x_wconf 85' lang='lat' dir='ltr'><strong>lex</strong></span> <span class='ocrx_word' id='word_1_221' title='bbox 2006 3656 2134 3722; x_wconf 87' lang='lat' dir='ltr'><strong>XII</strong></span> <span class='ocrx_word' id='word_1_222' title='bbox 2180 3656 2306 3721; x_wconf 87' lang='lat' dir='ltr'><strong>tab.</strong></span> <span class='ocrx_word' id='word_1_223' title='bbox 2354 3657 2599 3741; x_wconf 90' lang='lat' dir='ltr'><strong>tignum</strong></span> 
     </span>
     <span class='ocr_line' id='line_1_26' title="bbox 367 3780 2594 3870; baseline 0.001 -26"><span class='ocrx_word' id='word_1_224' title='bbox 367 3780 669 3852; x_wconf 79' lang='lat' dir='ltr'><strong>furtivum</strong></span> <span class='ocrx_word' id='word_1_225' title='bbox 733 3785 991 3851; x_wconf 88' lang='lat' dir='ltr'><strong>aedibus</strong></span> <span class='ocrx_word' id='word_1_226' title='bbox 1047 3808 1121 3849; x_wconf 86' lang='lat' dir='ltr'><strong>ac</strong></span> <span class='ocrx_word' id='word_1_227' title='bbox 1181 3785 1453 3849; x_wconf 84' lang='lat' dir='ltr'><strong>vineis</strong></span> <span class='ocrx_word' id='word_1_228' title='bbox 1507 3786 1798 3870; x_wconf 86' lang='lat' dir='ltr'><strong>junctum</strong></span> <span class='ocrx_word' id='word_1_229' title='bbox 1862 3804 2064 3867; x_wconf 89' lang='lat' dir='ltr'><strong>neque</strong></span> <span class='ocrx_word' id='word_1_230' title='bbox 2110 3783 2344 3847; x_wconf 87' lang='lat' dir='ltr'><strong>solvere</strong></span> <span class='ocrx_word' id='word_1_231' title='bbox 2392 3804 2594 3867; x_wconf 90' lang='lat' dir='ltr'><strong>neque</strong></span> 
     </span>
     <span class='ocr_line' id='line_1_27' title="bbox 365 3891 2594 3999; baseline 0 -28"><span class='ocrx_word' id='word_1_232' title='bbox 365 3908 676 3977; x_wconf 83' lang='lat' dir='ltr'><strong>vindicare</strong></span> <span class='ocrx_word' id='word_1_233' title='bbox 745 3912 1029 3999; x_wconf 87' lang='lat' dir='ltr'><strong>permisit</strong></span> <span class='ocrx_word' id='word_1_234' title='bbox 1053 3914 1124 3998; x_wconf 84' lang='lat'><strong>⁵).</strong></span> <span class='ocrx_word' id='word_1_235' title='bbox 1196 3910 1373 3993; x_wconf 80' lang='lat' dir='ltr'><strong>Quae</strong></span> <span class='ocrx_word' id='word_1_236' title='bbox 1429 3891 1545 3976; x_wconf 47' lang='lat' dir='ltr'><strong>lex·</strong></span> <span class='ocrx_word' id='word_1_237' title='bbox 1591 3915 1901 3994; x_wconf 87' lang='lat' dir='ltr'><strong>quantum</strong></span> <span class='ocrx_word' id='word_1_238' title='bbox 1946 3908 2147 3973; x_wconf 84' lang='lat' dir='ltr'><strong>valeat</strong></span> <span class='ocrx_word' id='word_1_239' title='bbox 2190 3906 2266 3973; x_wconf 87' lang='lat' dir='ltr'><strong>ad</strong></span> <span class='ocrx_word' id='word_1_240' title='bbox 2316 3913 2594 3972; x_wconf 86' lang='lat' dir='ltr'><strong>nostram</strong></span> 
     </span>
    </p>
   </div>
   <div class='ocr_carea' id='block_1_3' title="bbox 370 4051 658 4067">
    <p class='ocr_par' dir='ltr' id='par_1_4' title="bbox 370 4051 658 4067">
     <span class='ocr_line' id='line_1_28' title="bbox 370 4051 658 4067; baseline 0 1183"><span class='ocrx_word' id='word_1_241' title='bbox 370 4051 658 4067; x_wconf 95' lang='lat' dir='ltr'><strong> </strong></span> 
     </span>
    </p>
   </div>
   <div class='ocr_carea' id='block_1_4' title="bbox 429 4134 1525 4203">
    <p class='ocr_par' dir='ltr' id='par_1_5' title="bbox 429 4134 1525 4203">
     <span class='ocr_line' id='line_1_29' title="bbox 429 4134 1525 4203; baseline 0.001 -18"><span class='ocrx_word' id='word_1_242' title='bbox 429 4134 482 4201; x_wconf 90' lang='lat'><strong>1)</strong></span> <span class='ocrx_word' id='word_1_243' title='bbox 518 4138 682 4187; x_wconf 79' lang='lat' dir='ltr'><strong>Numa</strong></span> <span class='ocrx_word' id='word_1_244' title='bbox 715 4152 820 4203; x_wconf 83' lang='lat' dir='ltr'><strong>cap.</strong></span> <span class='ocrx_word' id='word_1_245' title='bbox 857 4136 935 4187; x_wconf 83' lang='lat'><strong>14.</strong></span> <span class='ocrx_word' id='word_1_246' title='bbox 1337 4135 1387 4198; x_wconf 78' lang='lat'><strong>2)</strong></span> <span class='ocrx_word' id='word_1_247' title='bbox 1420 4135 1454 4185; x_wconf 91' lang='lat' dir='ltr'><strong>l.</strong></span> <span class='ocrx_word' id='word_1_248' title='bbox 1490 4134 1525 4186; x_wconf 89' lang='grc'><strong>1.</strong></span> 
     </span>
    </p>
   </div>
   <div class='ocr_carea' id='block_1_5' title="bbox 427 4224 2592 4383">
    <p class='ocr_par' dir='ltr' id='par_1_6' title="bbox 427 4224 2592 4383">
     <span class='ocr_line' id='line_1_30' title="bbox 428 4224 1690 4293; baseline 0 -16"><span class='ocrx_word' id='word_1_249' title='bbox 428 4228 480 4293; x_wconf 80' lang='grc'><strong>3)</strong></span> <span class='ocrx_word' id='word_1_250' title='bbox 516 4228 642 4279; x_wconf 82' lang='lat' dir='ltr'><strong>Vide</strong></span> <span class='ocrx_word' id='word_1_251' title='bbox 675 4228 972 4288; x_wconf 81' lang='lat' dir='ltr'><strong>Mommsen,</strong></span> <span class='ocrx_word' id='word_1_252' title='bbox 1007 4229 1067 4278; x_wconf 78' lang='lat' dir='ltr'><strong>R.</strong></span> <span class='ocrx_word' id='word_1_253' title='bbox 1103 4227 1163 4279; x_wconf 82' lang='lat' dir='ltr'><strong>G.</strong></span> <span class='ocrx_word' id='word_1_254' title='bbox 1199 4228 1242 4279; x_wconf 91' lang='grc' dir='ltr'><strong>Ι.</strong></span> <span class='ocrx_word' id='word_1_255' title='bbox 1276 4241 1388 4292; x_wconf 75' lang='lat' dir='ltr'><strong>pag.</strong></span> <span class='ocrx_word' id='word_1_256' title='bbox 1426 4226 1536 4277; x_wconf 74' lang='lat'><strong>186.</strong></span> <span class='ocrx_word' id='word_1_257' title='bbox 1577 4224 1690 4277; x_wconf 81' lang='grc'><strong>187.</strong></span> 
     </span>
     <span class='ocr_line' id='line_1_31' title="bbox 427 4312 2592 4383; baseline -0.002 -15"><span class='ocrx_word' id='word_1_258' title='bbox 427 4322 480 4379; x_wconf 82' lang='lat'><strong>4)</strong></span> <span class='ocrx_word' id='word_1_259' title='bbox 516 4322 579 4371; x_wconf 88' lang='lat' dir='ltr'><strong>N.</strong></span> <span class='ocrx_word' id='word_1_260' title='bbox 613 4320 676 4370; x_wconf 90' lang='lat' dir='ltr'><strong>H.</strong></span> <span class='ocrx_word' id='word_1_261' title='bbox 715 4318 843 4370; x_wconf 86' lang='lat' dir='ltr'><strong>XIV.</strong></span> <span class='ocrx_word' id='word_1_262' title='bbox 879 4320 959 4371; x_wconf 92' lang='grc'><strong>88.</strong></span> <span class='ocrx_word' id='word_1_263' title='bbox 1317 4322 1365 4381; x_wconf 75' lang='lat'><strong>5)</strong></span> <span class='ocrx_word' id='word_1_264' title='bbox 1398 4319 1495 4368; x_wconf 84' lang='lat' dir='ltr'><strong>Lex</strong></span> <span class='ocrx_word' id='word_1_265' title='bbox 1535 4319 1558 4367; x_wconf 88' lang='lat'>1</span> <span class='ocrx_word' id='word_1_266' title='bbox 1598 4334 1671 4383; x_wconf 86' lang='lat' dir='ltr'><strong>pr.</strong></span> <span class='ocrx_word' id='word_1_267' title='bbox 1711 4317 1771 4368; x_wconf 92' lang='lat' dir='ltr'><strong>D.</strong></span> <span class='ocrx_word' id='word_1_268' title='bbox 1812 4314 2012 4366; x_wconf 86' lang='lat' dir='ltr'><strong>XLVII.</strong></span> <span class='ocrx_word' id='word_1_269' title='bbox 2048 4316 2079 4365; x_wconf 80' lang='lat'><strong>3</strong></span> <span class='ocrx_word' id='word_1_270' title='bbox 2118 4315 2179 4365; x_wconf 83' lang='lat' dir='ltr'><strong>cf.</strong></span> <span class='ocrx_word' id='word_1_271' title='bbox 2215 4314 2345 4365; x_wconf 84' lang='lat' dir='ltr'><strong>Fest.</strong></span> <span class='ocrx_word' id='word_1_272' title='bbox 2381 4314 2435 4365; x_wconf 80' lang='lat'><strong>1..</strong></span> <span class='ocrx_word' id='word_1_273' title='bbox 2473 4312 2592 4367; x_wconf 79' lang='lat'><strong>364.</strong></span> 
     </span>
    </p>
   </div>
  </div>
 </body>
</html>
