3350 5250
1561 613 1596 677 7

431 821 584 907 ejus
655 824 748 887 rei
822 825 1090 888 rationes
1157 823 1414 889 reddere
1483 847 1607 889 non
1665 824 2073 890 tenebantur:
2153 832 2285 890 rata
2347 823 2689 891 habebatur

429 970 666 1014 eorum
733 947 1201 1044 animadversi0‚
1249 950 1489 1022 etiamsi
1535 948 1696 1015 nihil
1744 973 1847 1014 eos
1892 951 2175 1032 testibus,
2223 951 2383 1016 nihil
2428 950 2679 1032 tabulis,
2730 1019 2743 1040 ἱ

433 1074 618 1139 nihil
664 1074 881 1159 aliquo
927 1059 1101 1159 gra³vi
1149 1055 1518 1159 argumento
1567 1076 1952 1170 comperisse,
2001 1077 2159 1142 nihil
2198 1077 2466 1162 denique
2506 1102 2687 1144 causa

427 1200 701 1284 cognita
771 1199 1060 1266 statuisse
1129 1206 1442 1265 constaret
1467 1198 1534 1283 1).
1602 1199 1706 1264 Ita
1765 1223 2043 1281 censura,
2106 1225 2144 1267 a
2203 1225 2388 1288 parva
2452 1197 2691 1289 origine

425 1332 605 1403 orta,
671 1332 850 1390 tanto
908 1325 1129 1390 deinde
1191 1327 1570 1392 incremento
1615 1332 1956 1420 auctauest‚
2004 1332 2079 1391 ut
2123 1351 2363 1393 morum
2411 1329 2677 1415 discipli-

425 1473 688 1535 naeque
754 1451 1050 1536 regimen,
1085 1423 1341 1517 ’decoris
1402 1452 1845 1536 dedecorisque
1904 1450 2231 1517 discrimen
2303 1452 2379 1517 ab
2426 1454 2681 1549 arbitrio

432 1581 591 1666 ejus
630 1581 1027 1666 magistratus
1066 1578 1410 1665 penderent
1448 1584 1530 1659 et,
1570 1601 1765 1663 quum
1806 1579 1988 1644 initio
2022 1578 2101 1644 ad
2138 1602 2211 1644 ea
2248 1586 2495 1644 tantum
2536 1581 2685 1645 vitia

425 1704 783 1770 coercenda
830 1705 1188 1791 pertineret,
1233 1727 1391 1788 quae
1437 1705 1750 1800 communi
1800 1705 2076 1769 omnium
2123 1705 2314 1770 saluti
2368 1714 2680 1786 nocerent,

367 1831 818 1930 ·.procedente
881 1830 1171 1916 deinceps
1237 1838 1515 1917 tempore
1573 1830 1638 1927 in
1695 1851 1949 1904 omnem
1992 1830 2391 1895 domesticam
2439 1832 2685 1898 vivendi

433 1960 755 2022 rationem
810 1957 1154 2041 inquireret
1181 1958 1253 2034 Β).

529 2085 707 2148 Haec
765 2090 976 2148 autem
1039 2088 1312 2168 potestas
1379 2081 1600 2166 quanti
1665 2081 1962 2146 momenti
2006 2081 2194 2147 fuerit
2238 2081 2554 2149 nobilitati
2600 2082 2678 2148 ad

434 2209 836 2274 dominatum
885 2230 1067 2273 suum
1117 2204 1446 2289 tuendum,
1473 2206 1594 2288 ‘vel
1642 2230 1740 2272 me
1780 2215 2027 2273 tacente
2063 2207 2241 2273 facile
2280 2207 2678 2306 intelligitur.

433 2335 661 2400 Unum
727 2341 933 2400 tamen
980 2335 1082 2398 hic
1127 2334 1390 2421 exempli
1435 2334 1636 2420 gratia
1684 2336 1892 2398 locum
1931 2335 2167 2413 afferre,
2207 2357 2333 2419 quo
2372 2335 2683 2416 sententia

391 2485 579 2526 .mea
645 2461 1062 2536 confirmetur,
1137 2483 1172 2524 a
1239 2451 1555 2547 Proposito
1617 2484 1741 2526 non
1802 2460 2073 2526 alienum
2140 2461 2403 2526 videtur.
2467 2459 2680 2542 Quum

434 2587 710 2654 Glaucia
755 2595 818 2652 et
866 2587 1242 2652 Saturninus
1287 2586 1676 2653 Gracchanas
1718 2587 2050 2653 seditiones
2089 2586 2166 2652 de
2204 2587 2449 2672 integro
2472 2610 2683 2653 accen·

429 2717 588 2781 dere
655 2713 998 2795 studerent,
1069 2720 1151 2795 et,
1214 2734 1341 2798 quo
1411 2713 1657 2783 facilius
1700 2690 2110 2800 'propositum
2178 2717 2682 2799 assequerentur,

431 2840 517 2909 L.
591 2840 916 2924 Equitium
1004 2839 1315 2924 quendam
1401 2839 1665 2904 Gracchi
1735 2840 1936 2903 filium
2016 2839 2403 2917 simularent,
2477 2838 2681 2905 Caeci-

433 2956 566 3033 lius
631 2967 929 3032 Metellus
998 2989 1208 3032 censor
1257 2966 1583 3050 consilium
1633 2988 1845 3029 eorum
1882 2988 1958 3029 eo
1996 2966 2277 3050 peremit,
2318 2965 2486 3049 quod
2532 2965 2679 3030 insi-

429 3092 642 3156 tivum
687 3091 869 3156 illum
913 3089 1263 3157 Gracchum
1305 3099 1518 3159 contra
1559 3091 1683 3154 vim
1709 3088 2137 3163 multitudinis
2160 3090 2453 3155 incitatae
2480 3112 2672 3155 censu

439 3216 767 3303 prohibuit
793 3220 866 3302 3).

527 3342 619 3406 Ut
687 3343 884 3428 igitur
951 3365 1209 3407 censura
1278 3341 1516 3406 facilem
1560 3342 1941 3406 occasionem
1981 3340 2383 3425 optimatibus
2431 3338 2678 3426 praebe-

436 3468 546 3532 bat
597 3468 662 3533 in
711 3478 945 3533 ceteros
996 3469 1157 3532 cives
1203 3468 1586 3545 dominandi,
1633 3467 1723 3532 sic
1769 3467 2030 3531 maxime
2076 3467 2153 3531 iis
2198 3466 2453 3552 profuit,
2502 3466 2669 3550 quod

433 3595 574 3680 lege
642 3593 869 3661 Ovinia
925 3595 1028 3681 jus
1092 3601 1345 3659 senatus
1417 3593 1663 3679 legendi
1733 3594 1796 3657 in
1844 3614 2124 3657 censores
2170 3592 2464 3657 collatum
2519 3599 2670 3657 erat.

433 3720 560 3785 Hic
609 3727 820 3797 autem
867 3742 991 3783 non
1043 3718 1505 3804 negligendum,
1553 3740 1856 3783 summam
1903 3717 2144 3802 imperii
2190 3717 2419 3781 Romae
2468 3718 2669 3803 specie

435 3866 624 3929 penes
693 3845 1112 3930 magistratuS,
1181 3846 1288 3909 sed
1352 3867 1416 3909 re
1476 3867 1618 3909 vera
1664 3867 1851 3930 penes
1910 3850 2195 3908 senatum
2245 3844 2454 3925 fiiisse,
2505 3842 2671 3909 unde

438 4066 728 4075 ———

502 4195 552 4259 1)
589 4193 664 4244 ct.
698 4192 803 4244 oie.
839 4160 928 4259 μα’
962 4192 1160 4243 cluent.
1197 4196 1277 4243 45.
1314 4193 1422 4243 125.

499 4285 552 4349 2)
589 4283 663 4333 cf.
699 4284 810 4335 Liv.
849 4283 932 4333 IV.
970 4284 1025 4343 33
1061 4284 1264 4349 Dionys,
1300 4284 1408 4335 XX.
1445 4278 1537 4342 11³3·
1571 4282 1704 4332 Plut.
1742 4281 1851 4331 Cat.
1889 4282 2003 4345 maj.
2039 4299 2080 4334 e».
2119 4283 2199 4333 16.

506 4376 558 4439 3)
596 4374 696 4426 Cic.
733 4376 846 4425 Pro.
882 4375 1005 4424 Sest.
1039 4373 1121 4433 47,
1159 4368 1269 4425 1'01.
