3350 5250
14 5120 156 5149 μὲ

1573 530 1652 591 55

482 732 698 797 Livius
757 733 1068 799 XXXIV.
1136 738 1192 797 1.
1245 735 1401 799 hanc
1447 734 1646 819 legem
1698 734 1916 799 tulisse
1965 733 2033 798 G.
2074 734 2356 824 *Oppium
2410 735 2487 816 Q.
2540 734 2731 798 Fabio

480 858 551 923 T.
601 857 968 944 Sempronio
1015 857 1412 939 consulibus;
1462 883 1532 924 ac
1581 860 1796 945 paullo
1844 867 1985 945 post
2026 862 2183 945 (cap.
2228 863 2289 944 8)
2315 883 2448 924 eam
2476 859 2732 945 abroga-

483 988 609 1047 tam
679 1006 809 1048 esse
858 984 1081 1069 viginti
1129 985 1310 1051 annis
1358 991 1687 1070 postquam
1729 984 1858 1049 lata
1897 986 1998 1049 sit.
2043 986 2304 1049 Annum
2349 992 2559 1050 autem
2604 1008 2729 1070 quo

485 1106 775 1197 abrogata
839 1115 952 1187 est,
1004 1108 1193 1173 fuisse
1257 1110 1544 1196 559s195
1591 1109 1732 1173 ideo
1760 1116 2041 1189 constat,
2088 1110 2256 1194 quod
2305 1109 2459 1173 Cato
2506 1110 2723 1174 consul
2817 1194 2823 1199 .

391 1230 410 1247 ⁰
484 1257 594 1320 pro
637 1258 712 1299 ea
764 1234 902 1320 lege
951 1236 1290 1299 orationem
1342 1234 1660 1319 habuit1).

568 1359 866 1445 Majorem
927 1360 1364 1425 difficultatem
1414 1361 1684 1425 afferunt
1730 1369 2063 1446 sequentes
2108 1362 2297 1446 leges,
2349 1361 2539 1425 Haud
2587 1385 2725 1427 raro

479 1489 645 1551 enim
712 1487 937 1551 aetatis
983 1486 1214 1550 indicia
1263 1492 1376 1550 aut
1422 1509 1672 1572 prorsus
1719 1486 1967 1566 desunt,
2015 1492 2129 1551 aut
2172 1487 2263 1550 ita
2308 1495 2459 1552 sunt
2505 1486 2729 1568 dubia,

480 1617 550 1675 ut
619 1610 882 1675 arduum
948 1612 1031 1675 sit
1093 1619 1330 1675 certum
1381 1611 1638 1695 aliquod
1686 1619 1935 1697 tempus
1979 1611 2244 1709 singulis
2291 1611 2535 1697 legibus
2583 1612 2727 1677 defi-

477 1736 644 1815 nire3
701 1735 865 1800 unde
913 1736 1145 1800 factum
1196 1743 1310 1814 est,
1354 1743 1428 1799 ut
1466 1736 1883 1801 diversissima
1920 1758 2205 1821 quaeque
2230 1737 2305 1801 de
2332 1759 2457 1801 una
2484 1738 2725 1802 eadem-

476 1860 784 1952 que'lege
830 1858 909 1924 ab
955 1860 1407 1945 interpretibus
1455 1860 1581 1924 sint
1627 1862 1967 1947 proposita.

461 2066 475 2079 ν
563 1986 696 2051 Lex
745 1985 977 2051 Orchia
1026 1993 1184 2051 teste
1233 1985 1554 2051 Macrobio
1600 1986 1730 2050 lata
1768 1992 1862 2051 est
1902 1986 2087 2051 tertio
2127 2009 2292 2051 anno
2334 2008 2522 2071 quam
2570 1986 2724 2051 Cato

474 2134 688 2178 censor
735 2112 959 2177 fuerat.
1010 2111 1208 2196 Atqui
1256 2110 1412 2175 Cato
1458 2132 1722 2209 censura
1768 2110 2059 2175 functum
2099 2134 2229 2176 esse
2269 2119 2515 2177 constat
2558 2134 2721 2177 anno

471 2218 801 2324 550s1843
865 2260 1012 2323 ergo
1058 2237 1484 2303 adnumeratis
1529 2237 1707 2303 annis
1754 2237 2050 2302 extremis
2094 2237 2220 2301 lata
2266 2243 2361 2301 est
2406 2238 2508 2302 lex
2555 2260 2720 2303 anno

473 2340 761 2450 572s1s2
787 2366 855 2449 2).
921 2363 1184 2449 Egregie
1250 2363 1398 2427 huic
1459 2363 1927 2427 accomodatum
1986 2369 2101 2441 est,
2147 2363 2317 2448 quod
2364 2362 2722 2428 Macrobius

475 2488 666 2554 tradit
708 2495 848 2573 post
887 2508 1123 2579 annum
1166 2488 1524 2552 vicesimum
1565 2489 1908 2553 secundum
1933 2488 2089 2573 legis
2114 2486 2383 2552 Orchiae
2406 2489 2715 2553 Fanniam

469 2614 668 2698 legem
715 2612 905 2679 latam
952 2637 1103 2679 esse.
1144 2613 1307 2679 Nam
1349 2612 1628 2680 Romano
1670 2635 1838 2680 more
1879 2613 2251 2679 deductione
2276 2614 2441 2681 facta
2466 2613 2709 2679 confici-

469 2748 594 2821 tur,
631 2742 835 2821 cred0,
861 2763 1162 2805 numerus
1193 2743 1338 2805 161.
1365 2740 1601 2804 Eodem
1625 2738 1791 2803 redit
1815 2739 2007 2804 Plinii
2035 2740 2489 2820 testimonium,
2517 2740 2707 2804 latam

471 2887 600 2930 esse
641 2866 838 2952 legem
886 2865 1187 2930 Fanniam
1228 2865 1519 2930 undecim
1560 2864 1740 2929 annis
1780 2871 1925 2928 ante
1965 2865 2225 2928 tertium
2252 2863 2562 2932 Punicum
2589 2863 2717 2930 bel-

465 2991 596 3055 lum
617 3018 635 3069 3
664 2991 846 3056 modo
872 2997 1198 3055 teneamus
1218 2990 1454 3055 bellum
1478 2990 1636 3055 illud
1660 2989 1969 3055 indictum
1997 3012 2127 3055 esse
2146 3012 2310 3054 anno
2332 2991 2621 3078 604s150
2638 2993 2711 3076 ⁸).

466 3117 877 3196 Postremum,
943 3141 1020 3182 ne
1078 3117 1230 3201 quid
1281 3117 1793 3201 praetermittam,
1844 3115 2003 3180 illud
2053 3136 2304 3200 quoque
2350 3138 2715 3179 commemo·

465 3243 749 3322 randum,
812 3243 1112 3314 Gellium.
1173 3245 1473 3307 Serenum
1520 3242 1983 3306 Sammonicum
2028 3240 2215 3327 (apud
2266 3239 2705 3326 Macrobium),

465 3366 744 3432 Plinium
779 3370 828 3451 4)
894 3367 1123 3431 diserte
1192 3387 1440 3431 narrare
1509 3364 1816 3430 Fannium
1889 3364 2207 3430 consulem
2280 3364 2442 3429 hanc
2509 3363 2708 3449 legem

534 3627 584 3692 1)
623 3627 699 3676 cf.
735 3629 852 3677 Zon.
887 3627 972 3678 IX.
1013 3627 1090 3679 17.

528 3719 582 3783 2)
620 3718 701 3767 Sic
738 3723 884 3778 recte,
911 3719 961 3767 ‚si
997 3719 1114 3782 quid
1150 3719 1305 3778 video,
1345 3719 1588 3768 rationem
1625 3718 1739 3766 iniit
1777 3718 1958 3780 Van-ges
1990 3718 2126 3782 Spec.
2159 3718 2357 3783 Quaest.
2377 3718 2537 3769 Lucil.
2555 3717 2708 3782 (Mus.

461 3808 616 3860 Rhen.
668 3810 757 3860 III.
809 3826 918 3874 pag.
973 3811 1078 3875 41),
1131 3827 1273 3874 quem
1311 3811 1554 3859 neminem
1589 3809 1747 3858 adhuc
1781 3814 1999 3858 secutum
2038 3825 2140 3858 esse
2177 3808 2317 3858 valde
2356 3809 2525 3859 miror.
2562 3809 2711 3868 Nam,

460 3905 515 3948 ut
559 3901 652 3950 hoc
699 3901 888 3959 addam,
936 3900 994 3960 si,
1033 3907 1085 3949 ut
1123 3901 1340 3965 vulgaris
1375 3901 1470 3950 fert
1506 3901 1696 3965 opinio,
1732 3900 1809 3949 lex
1846 3900 2029 3948 Orchia
2062 3915 2191 3948 anno
2229 3899 2442 3964 5731181
2486 3900 2588 3949 lata
2625 3900 2709 3960 sit,

459 3991 585 4040 unde
636 3991 821 4041 factum
873 4008 975 4040 esse
1027 3997 1254 4056 putemus
1303 3997 1360 4041 ut
1409 3992 1598 4049 Livius,
1646 3991 1739 4041 hoc
1787 4008 1917 4040 anno
1955 3991 2113 4054 legem
2150 3989 2431 4041 Corneliam
2469 3991 2701 4041 Baebium

453 4085 620 4134 datam
666 4100 768 4134 esse
813 4100 1200 4134 commemorans
1248 4084 1372 4148 (XL.
1412 4085 1488 4134 19.
1531 4084 1632 4149 11),
1671 4083 1857 4132 nullam
1893 4082 2096 4132 omnino
2139 4089 2332 4132 nostrae
2368 4083 2494 4148 legis
2534 4083 2707 4132 fecerit

455 4177 794 4226 mentionem?
1575 4221 1582 4226 .

526 4267 584 4334 3)
621 4267 700 4316 Os.
736 4267 842 4316 Liv.
882 4267 973 4331 Ep.
1013 4265 1182 4316 XLIX.
1615 4269 1669 4328 4)
1708 4266 1771 4348 N.
1808 4265 1872 4315 H.
1914 4265 1971 4314 X.
2012 4266 2090 4328 50,
2131 4266 2242 4316 139.

527 5149 648 5161 μμ..
