3350 5250
1780 595 1817 656 8

683 802 966 887 sequitur
1029 801 1476 886 magistratum,
1539 803 1642 867 cui
1711 802 2077 888 permissum
2144 809 2308 866 esset
2376 823 2533 886 quos
2596 801 2777 866 vellet
2843 801 2905 866 in

685 935 971 995 senatum
1039 930 1328 1013 recipere,
1397 950 1522 992 non
1597 928 1803 993 minus
1872 949 2057 1012 quam
2125 899 2518 1012 Areopagum
2578 927 2903 992 Athenien·

685 1055 868 1132 sium,
916 1053 1228 1130 Romanae
1273 1052 1589 1118 nobilitati
1627 1052 1913 1118 columen
1951 1052 2139 1117 fuisse
2182 1075 2253 1117 ac
2290 1051 2687 1138 praesidium.
2728 1051 2911 1132 Quod

687 1201 813 1264 quo
879 1179 1128 1266 plenius
1192 1178 1584 1256 ostendatur,
1631 1201 1851 1265 operae
1913 1178 2184 1264 pretium
2233 1201 2329 1242 me
2376 1181 2687 1243 facturum
2739 1185 2914 1263 puto,

687 1307 739 1370 si
783 1328 908 1370 uno
953 1305 1224 1370 alterove
1264 1305 1547 1391 exemplo
1585 1304 2001 1384 illustravero‚
2048 1303 2570 1388 quemadmodum
2611 1305 2674 1368 in
2698 1310 2915 1369 senatu

688 1432 951 1518 legendo
997 1431 1340 1496 nobilitatis
1386 1454 1603 1496 causae
1635 1454 1922 1502 censores
1961 1431 2372 1497 inservierint.
2401 1432 2583 1501 Anno
2611 1429 2917 1516 639s118,

691 1581 885 1643 quum
986 1557 1406 1624 Gracchorum
1506 1556 1775 1623 motibus
1856 1557 2087 1622 sedatis
2164 1557 2557 1644 optimatium
2652 1563 2925 1643 potestas

691 1684 898 1750 denuo
966 1683 1241 1749 stabilita
1304 1692 1482 1763 esset,
1552 1683 1625 1748 L.
1699 1682 2005 1748 Caecilius
2068 1683 2383 1764 Metellus,
2451 1683 2565 1749 Cn.
2614 1683 2925 1748 Domitius

692 1807 1142 1874 Ahenobarbus
1189 1832 1464 1874 censores
1512 1810 1668 1875 duos
1715 1815 1778 1874 et
1824 1809 2081 1896 triginta
2128 1815 2441 1876 senatores
2482 1817 2702 1876 senatu
2727 1829 2922 1875 move*-

696 1943 845 2000 runt
874 1937 938 2019 ¹).
986 1937 1120 2000 Hos
1166 1941 1377 2000 autem
1419 1958 1545 2001 non
1591 1941 1719 1999 tam
1770 1944 2018 2021 propter
2042 1958 2286 2002 morum
2310 1937 2775 2021 perversitatem
2803 1960 2923 2001 mo-

701 2067 798 2126 tos
867 2085 1018 2141 esse,
1085 2084 1269 2146 quam
1333 2062 1499 2146 quod
1559 2060 1979 2127 Gracchorum
2022 2069 2228 2149 partes
2270 2070 2478 2130 essent
2521 2063 2741 2142 secuti,
2786 2063 2928 2138 inde

699 2188 766 2250 fit
835 2187 1182 2264 verisimile,
1246 2187 1410 2272 quod
1464 2210 1630 2252 unus
1675 2211 1749 2252 ex
1795 2188 1872 2252 iis
1916 2186 1985 2255 O.
2033 2187 2314 2254 Licinius
2360 2187 2522 2253 Geta
2547 2192 2595 2275 2)
2644 2190 2929 2273 sequenti

703 2336 867 2378 anno
927 2312 1144 2377 consul
1191 2319 1432 2384 creatus
1479 2319 1588 2392 est,
1636 2335 1709 2377 ac
1755 2313 1967 2400 paullo
2014 2321 2153 2399 post
2197 2314 2394 2399 ipsam
2444 2315 2780 2380 censoriam
2831 2338 2929 2400 po-

649 2465 656 2474 ·
707 2444 999 2502 testatem
1062 2438 1436 2523 impetravit.
1503 2437 1695 2519 Quid,
1766 2437 1936 2522 quod
1985 2437 2054 2503 O.
2102 2427 2409 2504 Caecilius
2454 2439 2746 2505 Metellus
2795 2440 2925 2505 Nu-

706 2565 989 2645 midicae,
1039 2585 1200 2629 anno
1243 2564 1528 2653 1>02s652
1555 2587 1697 2630 cum
1724 2563 1793 2629 C.
1818 2563 2088 2631 Caecilio
2112 2565 2372 2631 Metello
2396 2565 2692 2653 Caprario
2716 2589 2930 2633 censor

705 2701 968 2773 creatus,
1017 2694 1339 2759 Glauciam
1390 2701 1454 2758 et
1491 2693 1896 2758 Saturninum
1936 2701 2156 2759 senat-u
2198 2696 2508 2773 movisset,
2548 2694 2664 2760 nisi
2691 2695 2928 2779 collega

703 2812 844 2883 eu'm
886 2820 1244 2884 retinuisset
1271 2818 1369 2905 ³)‘12
1418 2819 1919 2905 Diligentissima
1953 2820 2145 2905 igitur
2183 2842 2422 2908 semper
2461 2820 2717 2887 cavebat
2758 2820 2928 2885 nobi-

704 2944 847 3008 litas
888 2968 964 3008 ne
1012 2967 1208 3010 novus
1255 2944 1436 3008 homo
1481 2966 1692 3009 censor
1738 2950 2045 3009 crearetur
2094 2940 2178 3023 et',
2224 2967 2419 3029 quum
2453 2968 2616 3009 anno
2645 2946 2929 3033 550s204

704 3069 994 3135 tribunus
1075 3068 1306 3157 plebis.
1354 3069 1468 3135 cn.
1552 3070 1819 3135 Baebius
1903 3070 2067 3135 diem
2154 3070 2229 3135 ad
2314 3044 2617 3155 populuim
2692 3070 2931 3139 dixerat

707 3195 1060 3260 censoribus
1120 3196 1211 3261 M.
1276 3196 1456 3261 Livio
1519 3195 1850 3261 Salinatori
1897 3204 1961 3261 et
2008 3195 2079 3262 O.
2125 3188 2391 3261 Claudio
2440 3195 2698 3279 Neroni,
2746 3198 2929 3283 patri-

708 3322 943 3387 ciorum
993 3345 1174 3408 opera
1221 3347 1291 3387 ea
1337 3347 1435 3388 res
1481 3324 1759 3389 discussa
1805 3330 1916 3405 est,
1966 3348 2045 3389 ne
2092 3328 2311 3411 postea·
2346 3322 2609 3389 obnoxia
2649 3304 2933 3411 populari

711 3471 901 3512 aurae
971 3471 1229 3513 censura
1290 3456 1450 3515 esset
1472 3451 1541 3533 ⁴).
1597 3449 1847 3529 Contra,
1907 3451 2071 3516 sicut
2116 3446 2385 3515 Pericles
2431 3451 2590 3515 nihil
2636 3450 2937 3517 habuerat

709 3574 1048 3658 antiquius,
1097 3598 1280 3660 quam
1329 3584 1403 3640 ut
1449 3577 1760 3663 Areopagi
1800 3550 2169 3662 'potestatem
2217 3577 2575 3658 infirmaret,
2604 3578 2711 3677 'sic
2747 3576 2932 3642 etiam

710 3700 940 3765 Romae
1000 3702 1329 3787 populares
1391 3724 1514 3766 non
1574 3703 1973 3786 quieverunt,
2022 3702 2386 3789 priusquam
2434 3702 2592 3767 hanc
2640 3722 2935 3767 censurae

713 3820 1100 3891 severitatem
1149 3850 1181 3891 e
1228 3828 1478 3892 civitate
1524 3827 1933 3894 sustulerunt.

801 3952 938 4016 Hoc
1009 3952 1206 4037 igitur
1275 3953 1454 4017 modo
1525 3974 1597 4018 eo
1644 3960 2059 4039 pervenerunt
2131 3952 2369 4019 nobiles
2428 3961 2498 4018 ut
2564 3976 2687 4019 non
2733 3952 2933 4030 solum
3033 3996 3042 4003 -

716 4148 1008 4158 -—-——-—--

738 4231 742 4235 ’
785 4264 835 4328 1)
870 4265 980 4315 Liv.
1016 4264 1107 4330 ΕΡ.
1144 4266 1226 4317 62.
1628 4266 1686 4330 2)
1720 4264 1827 4316 val.
1862 4266 1995 4316 Max.
2031 4266 2100 4316 11.
2136 4267 2182 4315 9.
2220 4266 2267 4315 9.

787 4356 841 4425 3>
877 4358 1004 4423 App.
1041 4356 1170 4408 Bell.
1207 4355 1314 4408 civ.
1349 4357 1390 4407 Ι.
1425 4356 1505 4407 28.
1905 4356 1959 4423 4)
1999 4358 2106 4407 Liv.
2142 4356 2317 4407 XXIX.
2354 4356 2435 4409 37.
