3350 5250
1488 531 1572 594 23

453 733 706 801 Cicero
769 736 866 822 (de
929 737 1090 823 legg.
1160 739 1248 806 ΙΙ.
1323 742 1471 824 23):
1521 739 1881 804 Extenuato
1926 740 2122 826 igitur
2148 748 2448 840 sumptu,
2498 740 2637 806 tri·

360 858 520 925 bus
591 862 943 928 riciniis
1001 872 1068 928 et
1110 864 1508 930 tunicula
1552 887 1969 952 purpurae
2014 873 2077 930 et
2120 865 2635 932 deoem⁴tibi-

358 985 764 1076 einibu8‚
811 987 990 1054 tollit
1035 988 1221 1054 etiam
1266 990 1793 1058 lamentationem.

428 1136 514 1187 De
551 1136 765 1188 riciniis
797 1139 934 1204 apud
965 1139 1234 1204 scriptores
1267 1141 1394 1192 haec
1428 1142 1753 1193 invenimus:
1788 1141 1970 1192 Festus
2003 1157 2053 1208 p.
2086 1141 2187 1196 274
2224 1141 2313 1193 M.:
2342 1142 2639 1210 „Ricinium

357 1253 532 1290 omne
571 1242 896 1306 quadratum
933 1243 1318 1294 vestimentum.
1365 1245 1438 1306 hi,
1473 1245 1564 1310 qui
1600 1243 1700 1294 XII
1736 1245 2057 1310 interpretati
2094 1250 2235 1309 sunt,
2268 1259 2377 1296 esse
2394 1245 2639 1296 dixerunt

365 1343 653 1410 vil-(ilem)
690 1350 876 1412 togam,
912 1361 1018 1410 qua
1051 1347 1294 1398 mulieres
1328 1347 1610 1398 utebantur
1639 1352 1958 1412 praetextam
1987 1347 2128 1398 clavo
2159 1345 2463 1414 purpureo.”
2496 1345 2641 1406 Quae

365 1447 540 1498 verba
601 1448 806 1513 Lipsius
859 1450 1153 1500 emendavit
1191 1450 1246 1501 in
1281 1431 1424 1501 hune
1455 1451 1668 1502 modum
1696 1451 1764 1515 Ι).
1802 1451 2099 1518 „Ricinium
2131 1434 2286 1502 omne
2320 1451 2637 1515 quadratum

365 1551 760 1604 vestimentum
795 1553 833 1604 ii
871 1553 964 1618 qui
999 1553 1098 1604 XII
1131 1553 1452 1618 interpretati
1484 1559 1610 1604 sunt
1642 1568 1753 1604 esse
1780 1554 2039 1606 dixerunt.
2060 1553 2271 1604 Verrius
2288 1552 2415 1604 oet.’'
2436 1553 2637 1604 Nonius

364 1669 486 1720 pag.
520 1653 651 1705 542.
684 1656 963 1722 „Ricinum
982 1657 1120 1721 quod
1139 1671 1278 1707 nunc
1295 1656 1602 1706 masurtium
1619 1656 1822 1721 dicitur,
1838 1657 2114 1722 palleolum
2131 1657 2415 1706 femineum
2432 1655 2633 1706 breve.”

374 1757 554 1808 Varro
597 1760 661 1810 de
697 1761 799 1810 vita
835 1760 892 1810 P.
929 1761 992 1810 R.
1026 1760 1057 1809 l.
1097 1760 1136 1810 Ι.
1171 1775 1264 1828 „ex
1294 1775 1399 1824 quo
1427 1761 1671 1810 mulieres
1686 1761 1741 1810 in
1758 1761 1985 1811 adversis
2002 1761 2156 1812 rebus
2170 1775 2228 1812 ae
2245 1761 2485 1826 luctibus,
2502 1776 2627 1812 cum

374 1877 610 1913 omnem
645 1864 891 1914 vestitum
926 1863 1268 1915 delicatiorem
1301 1855 1517 1930 ponunt,
1551 1865 1733 1916 ricinia
1768 1863 2036 1916 sumunt.'’

443 1965 558 2015 Pro
579 1967 745 2018 verbis
763 1967 1020 2018 Ciceronis
1036 1983 1067 2017 v
1083 1968 1148 2018 in
1162 1969 1288 2019 elis
1317 1983 1350 2034 p
1363 1985 1400 2018 u
1413 1983 1486 2034 rp
1500 1985 1534 2019 u
1548 1985 1616 2020 ra
1629 1984 1658 2020 e
1675 1969 1866 2033 Bruns,
1884 1984 2043 2034 quem
2060 1974 2267 2048 secutus
2282 1983 2420 2033 sum,
2438 1969 2641 2034 scripsit

373 2070 706 2120 tunicula
740 2085 1102 2136 purpurae.
1132 2072 1301 2123 Scholl
1317 2073 1666 2138 emendavit&
1708 2075 1916 2141 „tribus
1942 2073 2137 2124 riciniis
2164 2073 2433 2124 relictis
2449 2079 2502 2124 et
2530 2087 2637 2124 uno

379 2172 532 2223 clavo
595 2174 900 2240 purpurae.''
955 2175 1053 2226 Sed
1085 2176 1368 2228 ablativum
1406 2214 1434 2244 „
1447 2177 1614 2228 tribus
1645 2176 1872 2228 riciniis''
1907 2177 2032 2226 satis
2064 2177 2332 2243 explicavit
2368 2177 2507 2226 Bake
2540 2177 2633 2242 qui

377 2276 552 2327 simul
591 2279 654 2328 ad
690 2279 730 2328 1.
763 2277 846 2329 21.
881 2277 948 2328 54
979 2280 1130 2344 plura
1162 2280 1530 2344 ejusdemmodi
1565 2281 1771 2330 ablativi
1804 2280 2037 2345 exempla
2063 2279 2255 2330 attulit.
2274 2279 2435 2330 Alteri
2452 2295 2631 2330 emen-

380 2379 612 2444 dationis
645 2384 780 2447 parti
815 2399 990 2434 vereor
1024 2399 1090 2434 ne
1123 2384 1326 2434 obstent
1357 2383 1602 2434 Varronis
1635 2389 1689 2434 et
1726 2383 1859 2434 Festi
1894 2384 2046 2434 verba
2075 2398 2232 2448 supra
2249 2385 2469 2434 laudata.
2489 2383 2629 2442 Quo-

379 2497 509 2533 rum
559 2490 736 2536 autem
783 2487 828 2536 si
862 2487 1006 2536 nulla
1038 2487 1169 2537 ratio
1201 2487 1436 2538 habenda
1469 2466 1617 2550 esset,
1651 2487 1892 2551 equidem
1924 2501 2046 2538 cum
2080 2487 2283 2538 Davisio
2303 2487 2345 2552 ἲ)
2381 2488 2628 2554 legerem:

377 2584 664 2638 riciniis
713 2588 1008 2640 clavatis
1055 2604 1410 2655 purpurae.
1469 2588 1553 2641 Sie
1609 2589 1767 2640 etiam
1826 2589 2031 2641 Festus:
2086 2589 2336 2658 „Clavata
2388 2591 2635 2643 dicuntur

380 2692 699 2743 vestimenta
731 2694 886 2744 clavis
919 2694 1245 2746 intertexta?

454 2795 563 2848 Lex
600 2802 778 2848 autem
814 2813 919 2848 non
948 2798 1176 2863 jubebat,
1211 2804 1272 2849 ut
1304 2804 1408 2849 tres
1435 2803 1645 2849 tantum
1675 2798 1917 2849 mulieres
1933 2799 2145 2849 indutae
2161 2799 2357 2849 rieiniis
2373 2800 2429 2849 in
2447 2783 2628 2851 funere

385 2906 575 2965 essent,
628 2902 765 2966 quod
814 2917 1081 2969 perperam
1125 2904 1400 2954 voluerunt
1434 2902 1730 2953 Raevardus
1753 2903 1795 2967 ⁴)
1831 2907 1884 2953 et
1918 2902 2202 2953 Gutherius
2220 2902 2276 2967 ⁵),
2310 2904 2397 2953 sed
2432 2910 2493 2954 ut
2532 2904 2632 2953 tria

381 3006 595 3055 tantum
643 3005 826 3057 ricinia
872 3010 925 3056 et
969 3020 1076 3055 una
1119 3006 1352 3057 tunicula
1385 3018 1646 3070 purpurea
1682 3020 1805 3056 eum
1840 3010 2045 3056 mortuo
2081 3011 2360 3067 urerentur
2398 3010 2490 3057 aut
2525 3007 2628 3056 hu-

380 3112 653 3158 marentur
670 3107 740 3173 ο).
1878 3166 1887 3177 ,

472 3218 793 3265 MULIERBS
852 3218 1050 3263 GENAS
1105 3220 1190 3265 NE
1246 3218 1560 3279 RADUNTO,
1622 3218 1787 3263 NEVE
1847 3218 2085 3263 LESSUM
2148 3218 2413 3265 FUNmtls
2460 3218 2627 3263 ERGO

387 3318 712 3365 HABENTO.

449 3424 700 3489 Expressa
733 3429 858 3476 sunt
889 3425 1015 3475 haec
1050 3424 1114 3475 de
1147 3424 1351 3476 Graecis
1389 3423 1602 3487 SoloniS,
1637 3429 1699 3474 ut
1716 3430 1842 3474 sunt
1856 3410 1993 3487 apud
2013 3423 2149 3475 Plut.
2186 3438 2293 3488 cap.
2312 3422 2394 3473 21.
2416 3425 2502 3481 ,,τό
2526 3424 2626 3485 θρη-

451 3727 506 3793 l)
545 3727 637 3793 Ep.
671 3726 870 3793 quaest.
906 3729 945 3777 I.
981 3727 1026 3780 7.

447 3820 500 3882 2)
533 3820 678 3885 Legis
711 3820 807 3870 XII
843 3820 942 3871 tab.
979 3820 1116 3885 reliq.
1151 3836 1262 3885 pag.
1299 3820 1376 3871 56.
1671 3860 1686 3881 ,,

447 3912 500 3974 3)
540 3909 618 3961 cf.
670 3911 901 3970 Dirkeen‚
953 3910 1244 3961 Ueberoieht
1293 3910 1377 3960 der
1423 3910 1700 3973 bisherigen
1748 3909 1992 3959 Versuohe
2038 3924 2124 3957 zur
2163 3908 2332 3958 Kritik
2367 3908 2466 3959 und
2512 3908 2615 3958 Her

379 4002 599 4067 stellung
628 4002 713 4053 des
746 4002 924 4053 Textes
956 4002 1040 4058 der
1075 4003 1230 4057 Zmil?
1259 4001 1400 4053 Tufe‘l
1431 4002 1726 4065 Fragmenta
1760 4017 1869 4065 pag.
1906 3998 2019 4051 667.

445 4096 502 4160 4)
539 4095 616 4144 Ad
650 4094 745 4144 XII
780 4093 900 4145 Ταῦ.

445 4187 498 4253 5)
537 4186 610 4237 De
644 4186 765 4240 Jure
800 4186 1024 4237 Manium
1057 4185 1110 4237 iu
1145 4186 1344 4237 Graevii
1376 4184 1520 4237 Thes.
1555 4187 1672 4235 Ant.
1710 4185 1848 4238 Rom.
1890 4184 1989 4237 XII
2024 4200 2131 4251 pag.
2172 4182 2303 4236 112⁶
2336 4196 2464 4249 seqq.

446 4278 498 4346 ὃ)
533 4272 653 4327 Vide
688 4276 911 4355 Lipsium
950 4277 1040 4347 Ep.
1077 4276 1278 4355 quaest.
1313 4277 1346 4331 l.
1379 4277 1413 4332 l.
