3350 5250
1059 1825 2141 1913 PROOEMIUM.

582 2436 909 2522 Quotquot
955 2438 1306 2523 antiquitus
1351 2437 1416 2503 in
1463 2436 1723 2503 Graecia
1770 2420 1833 2503 et
1879 2437 2063 2503 Italia
2101 2400 2487 2503 'eastiterunt
2512 2435 2721 2500 civita-

492 2569 581 2628 tes
621 2548 835 2649 priscis
873 2562 1258 2650 temporibus
1303 2564 1554 2650 regibus
1579 2562 1897 2650 parebant,
1923 2586 2189 2650 quorum
2212 2570 2421 2629 tamen
2447 2568 2716 2649 potestas

489 2710 612 2753 non
678 2695 802 2753 tam
864 2690 1067 2776 ampla
1113 2698 1271 2768 erat,
1318 2697 1392 2756 ut
1436 2714 1508 2755 ex
1556 2692 1744 2756 unius
1788 2690 2053 2756 arbitrio
2100 2676 2443 2778 penderent
2488 2690 2720 2769 omnia,

489 2815 594 2880 sed
657 2817 924 2880 civitatis
986 2817 1295 2903 principes
1355 2818 1422 2882 in
1471 2823 1755 2883 senatum
1804 2817 2243 2882 convenientes
2289 2806 2722 2881 communibus

489 2963 626 3006 cum
698 2964 840 3028 rege
909 2943 1178 3007 consiliis
1235 2943 1682 3031 rempublicam
1742 2943 2177 3008 administrare
2240 2941 2535 3008 solebant.
2590 2939 2717 3021 Qui

491 3074 694 3132 autem
758 3068 988 3152 regiam
1041 3074 1413 3156 potestatem
1456 3070 1632 3134 illam
1680 3071 1891 3157 adepti
1934 3070 2183 3136 fuerant
2230 3069 2363 3134 sine
2410 3068 2538 3134 ulla
2582 3091 2753 3156 pro-p

492 3216 695 3258 cerum
737 3194 978 3258 invidia
1018 3217 1278 3280 regnum
1325 3194 1641 3274 tenebant,
1692 3195 1837 3281 quia
1875 3217 2080 3281 neque
2118 3170 2300 3260 cultu
2323 3216 2523 3279 neque
2550 3194 2721 3258 victu

491 3342 527 3383 a
588 3319 825 3384 civibus
885 3321 1015 3386 suis
1072 3321 1510 3407 discrepantes,
1557 3321 1895 3410 prudentia
1940 3330 2188 3388 tantum
2240 3328 2304 3387 et
2336 3321 2721 3386 auctoritate
2808 3391 2819 3400 ,

492 3445 896 3511 excellebant.
944 3445 1323 3513 Procedente
1367 3469 1508 3513 vero
1553 3455 1853 3535 tempore,
1902 3470 2098 3533 quum
2146 3448 2318 3533 regni
2345 3447 2720 3534 possessione

493 3571 639 3634 satis
699 3571 941 3636 firmata
1005 3572 1224 3659 opibus
1285 3571 1654 3660 plerumque
1724 3579 1788 3636 et
1845 3571 2076 3637 divitiis
2125 3571 2430 3658 pollentes
2477 3571 2729 3636 vivendi

495 3697 733 3762 ratione
799 3697 1216 3783 splendidiore
1276 3699 1602 3765 assuefacti
1657 3706 1884 3777 essent,
1936 3670 2244 3784 variisque
2296 3697 2725 3787 voluptatibus

497 3823 774 3888 fruentes
832 3825 996 3890 fastu
1057 3833 1123 3890 et
1179 3823 1470 3912 superbia
1527 3825 1989 3905 insolescerent,
2037 3848 2113 3891 ex
2160 3825 2412 3891 licentia
2458 3826 2523 3890 in
2573 3824 2728 3889 invi·
2790 3827 2797 3830 ’

499 3948 660 4014 diam
712 3957 900 4035 atque
947 3950 1158 4015 odium
1206 3950 1378 4037 vulgi
1421 3950 1843 4018 incurrebant.
1883 3950 2106 4036 Itaque
2143 3953 2270 4016 fere
2313 3949 2546 4035 ubique
2584 3973 2727 4014 con-

491 4075 834 4160 jurationes
897 4078 1088 4141 factas
1157 4099 1283 4142 esse
1351 4077 1650 4155 videmus,
1722 4075 1947 4162 quibus
2012 4047 2209 4162 reges·
2245 4075 2723 4162 expellerentur,

497 4203 788 4288 regiaque
856 4208 1125 4290 potestas
1191 4202 1558 4269 aboleretur.
1622 4200 1931 4267 Primores
1984 4201 2213 4267 civium
2260 4202 2447 4281 enim,
2497 4207 2561 4265 et
2607 4199 2725 4286 ipsi

494 4327 717 4415 opibus
761 4351 832 4394 ac
875 4327 1202 4394 nobilitate
1247 4328 1391 4393 freti
1435 4350 1674 4413 regum,
1728 4349 1996 4412 quorum
2046 4350 2222 4415 pares
2268 4350 2331 4392 se
2354 4336 2416 4391 et
2440 4325 2728 4410 aequales

2496 4436 2527 4488 1
