3350 5250
1482 494 1563 558 87

321 705 414 764 est
459 722 888 786 progressa.
937 704 1188 770 Etenim
1237 705 1559 785 rationem,
1607 725 1795 790 quam
1843 703 1956 770 Μ’.
2000 701 2177 768 Curii
2224 709 2428 768 aetate
2469 703 2651 768 unice

316 824 834 911 probaverant,
897 830 1200 917 paulatim
1252 831 1444 917 magis
1493 831 1810 916 magisque
1856 827 2270 895 demittebant
2316 851 2386 894 ac
2434 830 2657 915 spretis

318 950 668 1036 majorum
771 955 1066 1022 moribus
1128 956 1564 1042 institutisque
1625 978 1901 1024 summae
1968 955 2033 1022 in
2104 955 2349 1022 vivendi
2416 955 2655 1026 ratione

314 1074 652 1143 licentiae
715 1079 1076 1167 indulgere
1117 1088 1474 1169 coeperunt.
1517 1082 1608 1148 Ac
1645 1081 1917 1169 primum
1944 1081 2196 1166 quidem
2220 1081 2423 1146 inanis
2446 1089 2649 1148 osten·

319 1203 618 1270 tationis
710 1206 1050 1294 cupiditas
1118 1209 1356 1272 animos
1424 1207 1774 1295 occupavit.
1849 1207 2033 1289 Quod
2102 1229 2183 1272 ne
2250 1206 2353 1272 cui
2421 1213 2653 1273 temere

325 1327 588 1396 dixisse
647 1333 918 1414 videar,
965 1299 1211 1399 afferam
1259 1334 1558 1422 exempla.

428 1454 650 1522 Olim
737 1458 974 1544 effigies
1036 1460 1359 1526 hominum
1416 1483 1542 1526 non
1590 1458 1877 1527 solebant
1921 1460 2201 1547 exprimi,
2247 1459 2369 1525 nisi
2420 1460 2473 1526 si
2516 1459 2659 1544 quis

338 1579 584 1665 aliqua
639 1585 904 1670 insigni
949 1585 1028 1650 de
1074 1607 1258 1650 causa
1299 1585 1781 1672 perpetuitatem
1826 1592 2158 1654 meruerat.
2184 1584 2284 1651 Sic
2309 1585 2379 1652 O.
2407 1585 2653 1652 Maenio

334 1713 404 1770 et
455 1707 548 1776 L.
607 1708 836 1776 Furio
888 1709 1172 1790 Camillo,
1213 1712 1330 1796 qui
1367 1710 1735 1777 Latinorum
1777 1687 2053 1776 exercitu
2094 1711 2421 1799 profligato
2462 1713 2655 1796 (anno

339 1835 722 1922 416s338)
771 1859 898 1902 non
947 1837 1331 1922 quieverant,
1382 1845 1716 1922 antequam
1756 1837 1851 1902 vel
1876 1839 2337 1924 expugnatione
2360 1837 2459 1902 vel
2480 1836 2652 1903 dedi·
2750 1909 2755 1914 ,

365 1957 564 2026 tione
635 1961 1043 2048 singularum
1109 1960 1357 2028 urbium
1409 1962 1662 2028 Latium
1714 1985 1895 2029 omne
1942 1962 2350 2050 subegissent,
2410 1970 2654 2028 statuae

359 2094 734 2168 equestres
780 2089 846 2154 in
890 2087 1022 2154 foro
1069 2088 1305 2174 positae
1345 2096 1494 2154 sunt
1519 2090 1589 2174 1).
1631 2087 1817 2169 Quod
1858 2111 2066 2154 rarum
2090 2088 2200 2154 illa
2234 2094 2437 2155 aetate
2461 2088 2651 2155 fuisse

359 2207 656 2276 disertis
730 2212 930 2279 verbis
999 2212 1216 2278 Livius
1241 2199 1294 2299 Β)
1353 2218 1643 2279 testatur.
1709 2213 1883 2279 Idem
1948 2214 2143 2279 honor
2204 2214 2465 2300 triginta
2522 2213 2649 2280 fere

365 2336 570 2400 annis
623 2344 772 2424 post
825 2337 1112 2403 decretus
1153 2345 1247 2404 est
1293 2337 1364 2404 O.
1411 2337 1670 2419 Marcio,
1718 2340 1831 2424 qui
1880 2337 2181 2404 Hernicos
2228 2339 2539 2404 devicerat
2575 2340 2651 2421 ³).

368 2459 647 2542 Quodsi
697 2485 842 2530 cum
883 2464 984 2528 his
1025 2463 1362 2531 honoribus
1401 2486 1829 2551 comparamus
1852 2464 2011 2547 illos,
2035 2463 2147 2549 qui
2172 2486 2335 2528 anno
2360 2464 2647 2552 534s220

375 2584 451 2652 G.
507 2590 766 2657 Duillio
811 2589 1011 2655 habiti
1057 2598 1225 2672 sunt,
1273 2590 1453 2657 facile
1498 2591 1879 2677 intelligitur
1917 2599 2299 2679 quantopere
2329 2592 2456 2678 jam
2481 2596 2637 2658 tunc

376 2712 573 2783 inani
622 2717 856 2804 gloriae
904 2717 1236 2804 cupiditati
1283 2740 1348 2783 sc
1391 2716 2017 2803 dedere‘coepissent.
2066 2716 2211 2782 Non
2237 2716 2651 2784 debellaverat

382 2862 542 2909 cum
593 2844 819 2910 Poenis
865 2810 1163 2926 Duillius,
1211 2845 1399 2910 immo
1447 2867 1591 2910 vero
1629 2844 1789 2910 nihil
1828 2844 1999 2910 aliud
2040 2844 2288 2924 fecerat,
2315 2845 2435 2910 nisi
2475 2844 2643 2929 quod

391 2969 650 3053 primus
711 2970 989 3035 navalem
1055 2970 1443 3056 triumphum
1507 2970 1584 3035 de
1628 2970 1706 3036 iis
1752 2976 1981 3055 egerat.
2030 2970 2112 3034 Et
2156 2970 2250 3036 vel
2298 2971 2385 3037 sic
2431 2978 2639 3037 tamen

388 3115 527 3161 non
575 3096 780 3161 solum
829 3096 885 3160 ei
934 3096 997 3160 in
1045 3102 1342 3181 suggestu
1391 3101 1588 3161 rostra
1625 3094 1745 3159 fixa
1768 3098 1817 3180 ἐ)
1860 3102 2029 3176 sunt,
2074 3096 2179 3161 sed
2222 3096 2410 3161 etiam
2434 3118 2643 3180 „quo-

393 3219 818 3307 tienscunque
888 3220 1178 3310 epulatus
1249 3226 1383 3285 erat
1446 3221 1524 3285 ad
1587 3220 1860 3285 funalem
1919 3241 2187 3300 cereum,
2250 3219 2644 3306 praecinente

399 3343 670 3411 tibicine
729 3352 794 3411 et
852 3344 1118 3426 fidicine,
1184 3368 1219 3409 a
1281 3367 1430 3410 cena
1490 3345 1744 3411 domum
1793 3346 2017 3411 reverti
2066 3345 2291 3410 solitus
2336 3351 2451 3423 est,
2503 3344 2647 3410 insi·

401 3492 590 3555 gnem
643 3471 900 3537 bellicae
937 3472 1028 3539 rei
1066 3492 1415 3537 successum
1439 3480 1746 3536 nocturna
1772 3471 2183 3536 celebratione
2210 3470 2539 3536 testando’'
2568 3473 2635 3555 ⁵).

496 3597 696 3662 Aliud
741 3598 975 3683 gloriae
1027 3597 1340 3683 cupidinis
1386 3596 1739 3683 exemplum
1786 3598 1851 3662 in
1896 3620 1967 3662 eo
2002 3597 2269 3682 positum
2312 3605 2445 3662 erat
2469 3597 2643 3682 quod

408 3731 668 3824 propter
736 3745 834 3789 res
901 3725 1215 3809 praeclare
1276 3730 1480 3809 gestas
1542 3723 1793 3789 honoris
1846 3724 2049 3809 gratia
2112 3723 2477 3809 cognomina
2524 3722 2641 3787 sibi

461 4033 528 4135 ι1)
561 4070 696 4143 mint
731 4070 792 4118 N.
828 4069 890 4119 H.
929 4068 1132 4118 XXXIV
1171 4070 1217 4119 5.
1254 4068 1333 4119 20.
1731 4066 1785 4132 2)
1824 4066 1948 4116 v111
1985 4066 2066 4115 13.
2103 4068 2148 4116 9.

473 4163 526 4229 3)
556 4162 663 4212 Liv.
698 4162 769 4210 1x
802 4162 884 4211 43.
1748 4158 1803 4222 4)
1840 4156 1975 4208 min.
2009 4156 2048 4206 1.
2083 4155 2120 4206 1.

479 4254 531 4319 5)
565 4253 677 4305 val.
710 4252 843 4302 Max.
879 4252 957 4301 111
993 4254 1040 4303 4.
1078 4252 1126 4301 ο.
