3350 5250
1661 582 1742 679 58.

571 793 726 850 tunc
796 786 1196 869 exposiizurus
1263 807 1422 863 sum,
1486 807 1681 869 quum
1744 786 1825 850 ad
1874 786 2033 849 hane
2080 758 2526 871 disputet-ionis
2572 793 2813 871 partem

570 933 943 996 pervener03
1013 912 1112 976 hio
1183 933 1431 975 monere
1494 912 1645 975 satis
1714 918 1869 991 este,
1956 934 2090 975 mea
2152 910 2404 996 quidem
2468 913 2799 990 sententia,

573 1034 856 1099 Crassum
931 1043 1278 1120 praetorem
1353 1058 1517 1099 anno
1588 1036 1877 1123 650s104
1946 1035 2165 1120 legem,
2226 1036 2304 1101 de
2364 1056 2488 1119 qua
2547 1014 2815 1121 egimuS,

573 1160 831 1226 dedisse.

593 1374 600 1379 .
661 1286 1010 1352 Corneliam
1073 1287 1270 1371 legem
1335 1286 1574 1351 Sullam
1634 1286 2000 1350 dictatorem
2066 1287 2309 1351 dedisse
2357 1309 2519 1351 anno
2570 1288 2813 1375 673s841

571 1417 815 1475 constat
881 1412 1048 1475 inter
1119 1433 1356 1475 omnes,
1423 1410 1522 1475 Ad
1584 1411 1786 1495 legem
1850 1412 2107 1476 Antium
2154 1394 2303 1476 'vero
2350 1411 2516 1494 quod
2566 1412 2816 1492 attinet,

571 1543 818 1621 praeter
905 1534 1182 1600 Gellium
1255 1544 1319 1600 et
1390 1534 1779 1600 Macrobium
1850 1536 2161 1601 neminem
2234 1538 2369 1622 ejus
2438 1538 2813 1602 mentionem

571 1660 784 1724 fecisse
845 1661 1136 1746 reperies,
1196 1660 1306 1724 Illi
1366 1666 1576 1724 autem
1641 1682 1835 1744 quum
1887 1660 1951 1724 id
2002 1667 2249 1725 tantum
2298 1662 2626 1743 affirment,
2676 1685 2810 1727 eam
2858 1656 2862 1663 ’

574 1785 788 1871 paucis
854 1784 1196 1870 interjectis
1263 1784 1446 1849 annis
1511 1791 1649 1870 post
1722 1783 2070 1850 Corneliam
2138 1786 2327 1850 latam
2410 1810 2559 1863 esse,
2620 1788 2817 1851 satius

573 1913 773 1977 visum
820 1918 914 1977 est
959 1912 1368 1997 ignorantiam
1421 1912 1721 1997 profiteri,
1769 1934 1953 1996 quam
2002 1912 2076 1976 in
2115 1919 2241 1977 tam
2291 1913 2500 1978 densis
2540 1911 2812 1977 tenebris

567 2038 954 2124 conjectandi
1011 2038 1224 2103 studio
1281 2037 1606 2123 indulgere
1653 2044 1719 2102 et·
1763 2038 1963 2102 nubes
2006 2045 2275 2124 captare.

662 2562 848 2630 Hisce
914 2565 990 2630 de
1059 2532 1340 2631 fontib'us
1406 2565 1609 2650 deque
1671 2572 1877 2631 aetate
1940 2566 2310 2652 praemissis,
2360 2566 2677 2653 pergimus
2742 2566 2820 2631 ad

464 2739 475 2746 .
575 2691 969 2776 singularum
1022 2693 1234 2777 legum
1284 2691 1751 2778 expositionem.

1506 2959 1630 3004 LEX
1677 2961 1885 3007 OPPIA.

662 3149 801 3214 Liv.
859 3149 1162 3216 XXXIV.
1215 3153 1273 3216 1.
1321 3159 1537 3228 ‚,‘....
1583 3173 1677 3214 ne
1724 3172 1878 3234 qua
1925 3151 2225 3215 mulier
2284 3152 2469 3236 plus
2518 3174 2823 3217 semun-

573 3276 770 3340 ciam
841 3277 1024 3341 auri
1094 3275 1464 3355 haberet,
1529 3297 1671 3341 nee
1741 3277 2245 3341 vestimento
2310 3278 2822 3343 versicolori

575 3408 996 3481 uteretur,
1058 3425 1202 3467 nee
1257 3403 1554 3487 juncto
1603 3401 1987 3466 vehiculo
2036 3402 2115 3466 in
2162 3400 2362 3466 urbe
2407 3402 2822 3488 oppidove

573 3534 718 3592 aut
772 3527 1116 3612 propius
1161 3527 1351 3591 inde
1400 3526 1627 3591 mille
1672 3548 1965 3613 passus
2016 3526 2178 3591 nisi
2226 3548 2644 3591 sacrorum
2695 3549 2822 3614 pu-

574 3652 982 3717 blicorum
1027 3674 1276 3740 cause
1325 3651 1832 3718 veheretur?
1898 3651 2013 3737 (Cf.
2066 3651 2205 3718 Val.
2257 3654 2427 3718 Max.
2479 3654 2600 3720 IX.
2658 3658 2803 3720 l.3.

573 3777 831 3844 Orosius
878 3777 996 3844 IV.
1045 3781 1176 3864 20.)

643 3903 1026 3954 vestimentum
1071 3904 1342 3954 versicolor
1385 3905 1507 3968 quid
1547 3905 1630 3967 sit,
1663 3905 1889 3955 ostendit
1923 3905 2029 3954 Liv.
2067 3907 2101 3954 1.
2138 3906 2171 3954 l.
2207 3921 2251 3955 c.
2284 3903 2333 3954 3.
2368 3905 2428 3955 9;
2470 3941 2498 3972 „
2514 3912 2573 3956 ut
2606 3923 2735 3956 auro
2770 3913 2823 3958 et

575 4022 872 4072 purpure.
905 4008 930 4056 f
937 4007 1318 4073 ulgeamus”
1355 4008 1438 4072 (cf.
1472 4024 1515 4058 c.
1553 4007 1599 4057 7.
1633 4005 1683 4057 3.
1724 4008 1969 4075 „feminis
2010 4008 2282 4058 dumtaxat
2317 4025 2577 4074 purpurae
2607 4026 2708 4060 usu
2737 4012 2821 4060 in·

573 4110 956 4175 terdieemus”).
1003 4109 1150 4161 Unde
1193 4115 1403 4174 apparet
1449 4111 1715 4160 versioolor
1751 4111 2121 4160 vestimentum
2158 4127 2481 4175 purpureum
2517 4113 2632 4176 dici,
2668 4114 2823 4177 quod,

574 4213 618 4264 si
663 4217 914 4276 movetur,
949 4214 1170 4264 colorem
1204 4213 1410 4263 varium
1445 4215 1600 4264 habet
1634 4218 1688 4264 et
1724 4213 1941 4263 subinde
1974 4215 2161 4264 niutat.
2199 4216 2261 4265 In
2300 4231 2473 4267 errore
2506 4217 2667 4281 igitur
2703 4232 2820 4266 ver-

576 4321 719 4376 satus
751 4321 830 4373 est.
863 4317 1098 4374 Valerius
1133 4316 1392 4370 Maximus
1424 4317 1459 4366 1.
1493 4317 1526 4366 1.
1562 4331 1732 4387 quum
1761 4320 1957 4370 vestem
1988 4316 2343 4372 versicolorem
2361 4318 2489 4368 varii
2506 4318 2687 4373 eoloris
2707 4333 2821 4372 ves-
