3350 5250
1567 617 1750 684 79·

545 820 762 906 Quum
831 826 1032 909 igitur
1077 825 1226 889 satis
1276 833 1538 907 constet,
1591 826 1890 892 Scaurum
1936 829 2217 893 omnium
2266 829 2530 893 maxime
2576 852 2711 914 gra-

457 950 547 1012 tia
611 957 806 1033 atque
866 951 1242 1015 auctoritate
1305 950 1587 1015 floruisse
1654 958 1844 1035 atque
1914 954 2239 1017 restitutae
2310 954 2705 1037 optimatium

457 1076 898 1139 dominationis
973 1076 1260 1141 columen
1330 1100 1400 1140 ac
1465 1079 1840 1162 praesidium
1908 1078 2113 1163 fuisse,
2160 1100 2380 1162 operae
2431 1079 2708 1164 pretium

456 1200 722 1282 videtur,
768 1203 834 1265 in
880 1202 1055 1266 illius
1108 1202 1222 1265 viri
1275 1222 1471 1267 mores
1514 1210 1705 1286 atque
1744 1204 2065 1287 ingenium
2104 1203 2470 1287 diligentins
2496 1202 2707 1288 paullo

456 1327 769 1411 inquirere
781 1355 802 1408 3
871 1327 1150 1413 principe
1213 1329 1378 1393 enim
1440 1331 1717 1413 cognite,
1764 1329 1946 1394 facile
1992 1329 2113 1393 erit
2154 1328 2236 1393 de
2280 1328 2569 1394 omnibus
2610 1330 2711 1414 ju·

457 1452 710 1517 dicium.
752 1452 1088 1517 Sallustius
1125 1452 1324 1537 igitur
1361 1452 1406 1515 J
1411 1475 1512 1537 ug.
1557 1452 1710 1541 Cap.
1758 1457 1815 1516 5.
1843 1442 1889 1531 „'
1906 1504 1920 1519 .
1953 1502 1967 1517 .
1998 1502 2013 1517 .
2041 1501 2056 1516 .
2084 1453 2390 1539 Aemilius
2416 1456 2707 1533 Scaurus,

459 1578 642 1641 homo
702 1570 928 1641 nobilis
983 1577 1342 1668 impigre
1389 1577 1838 1657 factiosus,
1887 1578 2179 1641 avidus
2224 1577 2703 1663 potentiae,

461 1703 828 1783 honoriS,
899 1703 1428 1781 divitiarum3
1501 1709 1869 1767 ceterum
1940 1703 2150 1767 vitia
2198 1726 2343 1767 sua
2388 1703 2711 1768 callide

459 1830 956 1894 occultans.”
1005 1828 1202 1915 Cujus
1255 1829 1346 1894 rei
1394 1827 1732 1895 Sallustius
1778 1829 2175 1894 luculentum
2224 1830 2461 1914 profert
2507 1851 2713 1895 exem-

458 1953 672 2040 plum3
741 1955 1028 2037 sequitur
1073 1954 1274 2019 en'im:
1345 1956 1468 2031 „Is
1543 1953 1863 2039 (Scaurus)
1936 1962 2265 2039 postquam
2330 1955 2489 2019 vidit
2548 1955 2711 2039 regis

389 2053 395 2059 ι
458 2080 853 2165 largitionem
919 2079 1214 2144 famosam
1284 2080 1843 2165 inpudentemque,
1910 2080 2167 2156 veritus,
2238 2081 2407 2163 quod
2478 2081 2544 2145 in
2595 2080 2707 2145 tali

459 2227 526 2269 re
586 2204 768 2283 solet,
825 2226 907 2268 ne
968 2203 1210 2289 polluta
1257 2204 1509 2269 licentia
1557 2204 1861 2269 invidiam
1890 2204 2301 2292 accenderet,
2350 2205 2626 2270 animum
2674 2228 2710 2269 a

462 2338 758 2395 consueta
827 2328 1090 2394 libidine
1159 2328 1540 2395 continuit.”
1600 2328 1773 2394 Haec
1836 2328 2195 2395 Sallustius.
2255 2328 2430 2409 Quae
2479 2352 2559 2393 ne
2606 2330 2710 2393 cni

461 2456 750 2543 cupidius
819 2478 1007 2540 quam
1071 2456 1276 2520 verius
1341 2456 1508 2534 dicta
1561 2456 1912 2531 videantur,
1958 2462 2202 2534 testem,
2250 2475 2377 2539 quo
2424 2453 2709 2520 Sallustii

459 2582 669 2668 opinio
713 2580 1091 2659 stabiliatur,
1139 2580 1476 2668 producam
1525 2580 1733 2668 ipsum
1776 2580 2163 2658 Ciceronem,
2209 2581 2320 2665 qui
2348 2581 2450 2663 (de
2477 2578 2591 2646 Or.
2618 2580 2707 2647 II.

468 2709 568 2772 70.
628 2708 778 2790 283)
842 2705 1145 2771 Scaurum
1218 2705 1585 2771 nonnullam
1638 2677 1937 2770 invidiam
1988 2706 2108 2770 sibi
2150 2675 2528 2771 contraxisse
2576 2729 2712 2770 nar-

462 2841 560 2898 rat
607 2855 680 2898 ex
728 2855 819 2912 ec,
867 2833 1032 2916 quod
1084 2831 1458 2916 Phrygionis
1508 2830 1808 2916 Pompeji,
1855 2831 2193 2916 locupletis
2241 2831 2507 2896 hominis
2548 2829 2709 2894 bona

463 2959 597 3024 sine
659 2963 1033 3022 testamento
1084 2955 1456 3041 possedisset
1482 2957 1550 3038 1).
1606 2953 1788 3019 Hanc
1832 2961 2040 3019 autem
2089 2955 2419 3041 imaginem
2473 2978 2509 3019 a
2554 2963 2711 3020 cete·

464 3085 550 3150 ris
602 3105 728 3148 non
781 3083 1050 3148 multum
1097 3082 1400 3147 diversam
1446 3082 1657 3161 fuisse,
1708 3080 2047 3146 ostendunt
2092 3102 2253 3165 qnae
2294 3080 2576 3144 Memmii
2617 3104 2713 3146 ro-

464 3209 712 3294 gatione
757 3209 820 3273 in
870 3209 1071 3273 lucem
1118 3208 1486 3294 prodierunt
1511 3209 1584 3292 2).
1978 3203 1987 3208 ’

552 3333 731 3414 Quae
777 3355 974 3418 quum
1022 3337 1116 3397 ita
1166 3335 1311 3411 sint,
1361 3355 1484 3397 non
1524 3353 1681 3418 opus
1726 3339 1821 3395 est
1867 3353 2185 3415 quaerere,
2233 3330 2466 3415 quibus
2512 3354 2707 3396 reme·

464 3460 584 3524 diis
663 3460 758 3524 usi
823 3466 974 3523 sunt
1042 3457 1373 3543 optimates
1439 3455 1534 3520 illi
1603 3456 1682 3519 ad
1753 3455 2253 3541 subveniendum
2332 3455 2711 3542 pauperibus

464 3591 653 3668 atque
723 3583 998 3648 eruenda
1069 3581 1248 3662 mala,
1317 3580 1547 3666 quibus
1619 3579 1969 3666 respublica
2031 3579 2390 3644 vexabatur.
2452 3578 2714 3642 Scilicet

465 3708 728 3774 Gracchi
794 3708 964 3792 leges
1027 3707 1304 3792 agrariae
1352 3707 1490 3790 lege
1533 3705 1765 3769 Thoria
1810 3704 2023 3768 irritae
2071 3704 2272 3768 factae
2317 3711 2503 3782 sunt3
2552 3703 2709 3767 colo·

457 3819 624 3928 niae,
693 3833 746 3897 si
791 3831 1150 3898 Narbonem
1197 3811 1529 3916 exceperis,
1580 3829 1792 3894 nullae
1840 3828 2165 3893 deductae.
2216 3829 2307 3892 At
2355 3828 2456 3893 lex
2502 3849 2710 3914 sump-

464 3958 690 4056 tuaria!
718 3957 1113 4043 promulgata
1159 3963 1275 4023 est.

534 4271 582 4332 1)
616 4265 747 4322 Vide
779 4267 1060 4334 etiam'Ep.
1095 4266 1157 4316 ad
1193 4267 1307 4318 fam.
1345 4265 1379 4317 l.
1418 4267 1463 4316 9.
1503 4265 1587 4325 lo,
1617 4264 1704 4314 nbi
1741 4279 1851 4313 cum
1892 4261 1953 4328 Q.
1992 4263 2201 4313 Metello
2234 4263 2328 4314 Pio
2360 4263 2568 4313 Scaurus
2586 4279 2717 4313 com·

464 4365 681 4426 paratur.
1085 4358 1138 4423 2)
1175 4357 1251 4408 Cf.
1289 4356 1490 4408 Sallust.
1523 4355 1638 4420 Jug.
1677 4370 1720 4405 c.
1760 4355 1825 4404 80
1862 4370 1991 4419 seqq.
