3350 5250
1746 572 1785 643 2

643 787 943 866 ferebant,
1003 787 1430 873 impotentiam
1491 793 1556 851 et
1617 786 1968 875 superbiam
2014 809 2211 873 aequo
2258 787 2465 853 animo
2511 788 2642 873 pati
2690 787 2869 864 nullo
2950 870 2953 874 ¹

644 913 826 992 modo
871 918 1180 1001 poterant.
1282 996 1284 1000 .
2822 904 2825 909 ’

734 1042 822 1104 At
870 1061 1008 1104 vero
1058 1039 1324 1103 multum
1365 1037 1580 1103 aberat
1623 1046 1697 1103 ut
1741 1061 1883 1125 rege
1925 1045 2139 1103 exacto
2179 1061 2390 1107 omnes
2427 1038 2589 1103 inter
2626 1038 2875 1104 secives

644 1166 778 1251 pari
817 1144 1400 1252 jure'haberentur.
1443 1164 1605 1229 Nam
1643 1187 1834 1251 regno
1859 1164 2109 1229 sublato
2133 1159 2372 1229 summa
2396 1164 2639 1251 imperii
2662 1162 2741 1229 ad
2768 1187 2869 1229 eos

643 1291 961 1358 transferri
1001 1292 1199 1375 iisque
1247 1291 1516 1377 populus
1563 1313 1628 1356 se
1675 1290 2032 1378 permittere
2070 1289 2323 1371 solebat,
2364 1291 2474 1375 qui
2515 1291 2665 1355 dum
2706 1291 2872 1375 regia

645 1414 890 1501 vigebat
935 1415 1296 1497 dominatio,
1351 1439 1476 1481 una
1515 1438 1657 1481 cum
1684 1438 1829 1501 rege
1851 1414 2253 1501 reipublicae
2277 1416 2743 1481 consuluerant.
2774 1414 2874 1479 Sic

643 1539 882 1606 factum
923 1547 1035 1622 est,
1078 1548 1154 1607 ut
1175 1566 1208 1607 e
1232 1543 1394 1627 regis
1417 1542 1747 1641 dominatu
1774 1544 1839 1611 in
1865 1566 2201 1629 paucorum
2228 1522 2600 1631 potestatem
2630 1566 2727 1609 res
2762 1565 2876 1629 pu·
2920 1580 2951 1587 «-

644 1666 802 1733 blica
837 1669 1206 1755 perveniret.
1246 1670 1675 1754 Atqueinitio
1716 1668 1968 1754 quidem
2007 1671 2305 1756 primores
2345 1649 2874 1736 illi'communem
2932 1742 2937 1756 Ι

643 1793 868 1859 civium
937 1793 1275 1859 utilitatem
1341 1795 1470 1862 suis
1539 1794 1873 1860 commodis
1930 1793 2409 1882 praeponebant,
2460 1801 2524 1859 et
2570 1794 2878 1880 singulari

643 1940 791 1983 eura
835 1942 906 1983 ac
951 1919 1161 1985 studio
1205 1926 1452 2001 cuncta,
1497 1927 1626 1984 tam
1672 1921 1911 2007 privata
1956 1942 2145 2006 quam
2192 1918 2457 2007 publica,
2500 1920 2748 2005 negotia
2767 1919 2871 2005 ad-

645 2044 1106 2111 ministrabant.
1150 2044 1384 2111 Verum
1417 2045 1542 2143 ubi
1580 2047 1770 2112 semel
1810 2053 2177 2149 potestatem
2210 2069 2387 2111 suam
2421 2044 2873 2125 stabiliverant,

530 2180 543 2195 ⁴
614 2172 930 2243 ,licentiae
977 2173 1174 2263 dediti
1216 2174 1470 2259 judiciis
1509 2172 1928 2239 abutebantur
1967 2174 2044 2237 ad
2082 2196 2256 2237 suam
2281 2172 2601 2237 avaritiam
2626 2171 2905 2258 explen-.

645 2297 822 2385 daim,
871 2322 944 2365 ex
990 2320 1282 2383 agrorum
1328 2276 1705 2386 possessione
1745 2300 2064 2365 tenuiores
2104 2300 2267 2365 cives
2292 2297 2608 2386 pellebant
2635 2319 2873 2362 eorum·

643 2435 768 2509 qne'
802 2397 1372 2512 ¹opes'frangebant
1415 2424 1568 2509 adeo
1615 2433 1699 2490 ut
1736 2426 1819 2499 hi,
1869 2449 2005 2491 aere
2046 2425 2249 2490 alieno
2292 2424 2522 2504 obruti,
2562 2424 2681 2489 toti
2724 2422 2879 2509 opti-

645 2552 907 2615 matium
953 2552 1313 2620 auctoritati
1358 2559 1666 2638 parerent.
1718 2552 1903 2635 Quod
1952 2552 2004 2617 si
2043 2552 2146 2617 cui
2184 2550 2382 2639 majus
2422 2573 2606 2636 quam
2650 2572 2761 2637 pro
2785 2548 2877 2614 rei
2910 2521 2925 2545 x
2972 2584 2975 2587 >

553 2653 590 2670 ⁰
643 2678 900 2744 veritate
966 2679 1192 2745 dixisse
1260 2679 1596 2758 videamur,
1667 2680 1813 2743 satis
1874 2673 1995 2743 erit
2050 2680 2116 2743 in
2177 2679 2533 2744 memoriam
2584 2693 2887 2741 revocare·

641 2803 964 2904 superbam
1032 2810 1221 2890 atque
1278 2805 1587 2894 crudelem
1646 2805 2156 2886 dominationem,
2218 2827 2417 2889 quam⁴
2465 2804 2530 2868 in
2580 2802 2762 2868 Creta
2810 2809 2875 2867 et

647 2930 1104 2996 Lacedaemone
1169 2931 1383 3012 DoreS,
1446 2933 1717 3023 Athenis
1778 2931 2180 3018 Eupatridae,
2236 2931 2467 2996 Romae
2511 2930 2759 3016 patricii
2806 2929 2872 2993 in

643 3064 873 3122 ceteros
917 3059 1081 3123 cives
1127 3065 1556 3124 exercuerunt.
2078 3135 2088 3146 „

733 3182 946 3264 Quum
1008 3191 1102 3248 tot
1161 3192 1225 3248 et
1282 3191 1490 3263 tantos
1547 3183 1791 3249 fructus
1848 3203 1925 3248 ex
1988 3183 2074 3248 rei
2140 3181 2423 3269 publicae
2484 3181 2875 3246 administra-

641 3310 812 3374 tione
879 3317 1404 3394 consequerentur
1475 3309 1824 3396 optimates,
1898 3315 2383 3400 consentanenm
2443 3312 2534 3372 est
2596 3305 2871 3371 multum

643 3416 867 3498 eorum·
913 3434 1294 3525 interfuisse,
1359 3441 1434 3498 ut
1499 3441 1884 3519 praesentem
1946 3433 2035 3498 rei
2098 3422 2385 3518 publicae
2432 3436 2667 3496 statum
2715 3432 2876 3495 inte·
2968 3431 2973 3440 '

641 3583 821 3646 grum
867 3567 1208 3626 servarent.
1257 3554 1658 3642 Quaerebant
1705 3549 1900 3644 igitur
1942 3560 2181 3624 firmam
2228 3565 2292 3622 et
2338 3555 2619 3622 stabilem
2664 3579 2873 3630 rerum

641 3684 1073 3765 conditionem,
1108 3657 1294 3770 atque
1332 3686 1642 3771 ejusmodi
1682 3683 2145 3772 rempublicam,
2176 3705 2339 3768 quae
2364 3682 2619 3748 diversis
2644 3683 2873 3747 civium

639 3808 863 3874 studiis
930 3810 1193 3875 distrahi
1259 3833 1380 3875 non
1448 3816 1674 3896 posset,
1742 3809 1848 3874 sed
1912 3817 2223 3896 perpetua
2268 3816 2426 3874 esset
2476 3817 2540 3872 et
2584 3808 2879 3873 immuta·
2924 3893 2929 3898 .

639 3935 800 4002 bilis.
849 3935 986 4000 Hoc
1029 3943 1237 4001 autem
1282 3936 1594 4023 proposito
1639 3959 1763 4001 non
1812 3942 2105 4002 externae
2150 3936 2350 4001 solum
2395 3935 2625 3999 civium
2672 3934 2879 4000 condi-

640 4062 848 4143 tionis,
926 4061 1031 4126 sed
1102 4085 1335 4127 morum
1407 4052 1472 4126 et
1537 4063 1776 4148 ingenii
1844 4079 2113 4148 quoque·
2162 4062 2474 4126 rationem
2544 4057 2875 4140 habebant,

639 4186 792 4251 adeo
837 4192 911 4250 ut
956 4187 1220 4271 primum
1271 4187 1800 4274 praecipuumque
1846 4187 2216 4273 legislatoris
2262 4208 2509 4251 munus>
2535 4185 2602 4250 in
2646 4185 2744 4250 his
2767 4185 2877 4250 fin·

634 4312 854 4396 gendis
893 4311 1421 4396 informandisque
1466 4313 1694 4400 versari
1736 4321 2079 4399 censerent.
2118 4309 2265 4392 Quo
2289 4333 2533 4392 morum
2565 4311 2873 4397 regimine
