<?xml version="1.0" encoding="UTF-8"?>
<!DOCTYPE html PUBLIC "-//W3C//DTD XHTML 1.0 Transitional//EN"
    "http://www.w3.org/TR/xhtml1/DTD/xhtml1-transitional.dtd">
<html xmlns="http://www.w3.org/1999/xhtml" xml:lang="en" lang="en">
 <head>
  <title>
</title>
<meta http-equiv="Content-Type" content="text/html;charset=utf-8" />
  <meta name='ocr-system' content='tesseract 3.04.00' />
  <meta name='ocr-capabilities' content='ocr_page ocr_carea ocr_par ocr_line ocrx_word'/>
</head>
<body>
  <div class='ocr_page' id='page_1' title='image "./deromanorumlegi00houwgoog_0104.png"; bbox 0 0 3350 5250; ppageno 0'>
   <div class='ocr_carea' id='block_1_1' title="bbox 1700 614 1790 673">
    <p class='ocr_par' dir='ltr' id='par_1_1' title="bbox 1700 614 1790 673">
     <span class='ocr_line' id='line_1_1' title="bbox 1700 614 1790 673; baseline 0 0"><span class='ocrx_word' id='word_1_1' title='bbox 1700 614 1790 673; x_wconf 64' lang='lat'>132</span> 
     </span>
    </p>
   </div>
   <div class='ocr_carea' id='block_1_2' title="bbox 1588 856 1829 961">
    <p class='ocr_par' dir='ltr' id='par_1_2' title="bbox 1588 856 1829 961">
     <span class='ocr_line' id='line_1_2' title="bbox 1588 856 1829 961; baseline 0.004 -1"><span class='ocrx_word' id='word_1_2' title='bbox 1588 856 1599 862; x_wconf 50' lang='grc'><strong>’</strong></span> <span class='ocrx_word' id='word_1_3' title='bbox 1649 902 1829 961; x_wconf 83' lang='lat' dir='ltr'>xm.</span> 
     </span>
    </p>
   </div>
   <div class='ocr_carea' id='block_1_3' title="bbox 619 1077 2863 1545">
    <p class='ocr_par' dir='ltr' id='par_1_3' title="bbox 702 1077 1333 1145">
     <span class='ocr_line' id='line_1_3' title="bbox 702 1077 1333 1145; baseline 0.003 -4"><span class='ocrx_word' id='word_1_4' title='bbox 702 1077 838 1143; x_wconf 85' lang='lat' dir='ltr'>Liv.</span> <span class='ocrx_word' id='word_1_5' title='bbox 887 1077 1073 1145; x_wconf 88' lang='lat' dir='ltr'>XXI.</span> <span class='ocrx_word' id='word_1_6' title='bbox 1121 1082 1226 1145; x_wconf 83' lang='lat'>57.</span> <span class='ocrx_word' id='word_1_7' title='bbox 1275 1082 1333 1143; x_wconf 91' lang='lat'>1.</span> 
     </span>
    </p>

    <p class='ocr_par' dir='ltr' id='par_1_4' title="bbox 619 1187 2863 1413">
     <span class='ocr_line' id='line_1_4' title="bbox 707 1187 2863 1288; baseline 0 -21"><span class='ocrx_word' id='word_1_8' title='bbox 707 1202 964 1267; x_wconf 83' lang='lat' dir='ltr'><strong>Romam</strong></span> <span class='ocrx_word' id='word_1_9' title='bbox 1014 1209 1230 1267; x_wconf 88' lang='lat' dir='ltr'>tantus</span> <span class='ocrx_word' id='word_1_10' title='bbox 1278 1187 1479 1268; x_wconf 84' lang='lat' dir='ltr'>terror</span> <span class='ocrx_word' id='word_1_11' title='bbox 1525 1226 1600 1268; x_wconf 83' lang='lat' dir='ltr'>ex</span> <span class='ocrx_word' id='word_1_12' title='bbox 1650 1203 1765 1267; x_wconf 87' lang='lat' dir='ltr'>hae</span> <span class='ocrx_word' id='word_1_13' title='bbox 1813 1202 1985 1267; x_wconf 88' lang='lat' dir='ltr'>clade</span> <span class='ocrx_word' id='word_1_14' title='bbox 2033 1202 2307 1288; x_wconf 86' lang='lat' dir='ltr'>perlatus</span> <span class='ocrx_word' id='word_1_15' title='bbox 2353 1208 2468 1279; x_wconf 80' lang='lat' dir='ltr'>est,</span> <span class='ocrx_word' id='word_1_16' title='bbox 2512 1207 2587 1267; x_wconf 90' lang='lat' dir='ltr'>ut</span> <span class='ocrx_word' id='word_1_17' title='bbox 2619 1202 2746 1286; x_wconf 86' lang='lat' dir='ltr'>jam</span> <span class='ocrx_word' id='word_1_18' title='bbox 2785 1202 2863 1267; x_wconf 87' lang='lat' dir='ltr'>ad</span> 
     </span>
     <span class='ocr_line' id='line_1_5' title="bbox 619 1325 2805 1413; baseline 0 -22"><span class='ocrx_word' id='word_1_19' title='bbox 619 1326 832 1391; x_wconf 87' lang='lat' dir='ltr'>urbem</span> <span class='ocrx_word' id='word_1_20' title='bbox 877 1326 1219 1391; x_wconf 80' lang='lat' dir='ltr'><strong>Romanam</strong></span> <span class='ocrx_word' id='word_1_21' title='bbox 1266 1328 1592 1392; x_wconf 70' lang='lat' dir='ltr'>crederent</span> <span class='ocrx_word' id='word_1_22' title='bbox 1634 1325 1875 1393; x_wconf 86' lang='lat' dir='ltr'>infestis</span> <span class='ocrx_word' id='word_1_23' title='bbox 1920 1328 2115 1413; x_wconf 87' lang='lat' dir='ltr'>signis</span> <span class='ocrx_word' id='word_1_24' title='bbox 2164 1327 2403 1393; x_wconf 77' lang='lat' dir='ltr'>hostem</span> <span class='ocrx_word' id='word_1_25' title='bbox 2446 1333 2805 1393; x_wconf 87' lang='lat' dir='ltr'>venturum.</span> 
     </span>
    </p>

    <p class='ocr_par' dir='ltr' id='par_1_5' title="bbox 707 1450 2538 1545">
     <span class='ocr_line' id='line_1_6' title="bbox 707 1450 2538 1545; baseline 0 -28"><span class='ocrx_word' id='word_1_26' title='bbox 707 1451 1062 1545; x_wconf 66' lang='lat' dir='ltr'>Delendum</span> <span class='ocrx_word' id='word_1_27' title='bbox 1107 1459 1202 1517; x_wconf 87' lang='lat' dir='ltr'>est</span> <span class='ocrx_word' id='word_1_28' title='bbox 1247 1451 1504 1517; x_wconf 87' lang='lat' dir='ltr'>verbum</span> <span class='ocrx_word' id='word_1_29' title='bbox 1548 1452 2004 1519; x_wconf 80' lang='lat' dir='ltr'><strong>Romanam.</strong></span> <span class='ocrx_word' id='word_1_30' title='bbox 2532 1450 2538 1452; x_wconf 67' lang='grc'><strong>’</strong></span> 
     </span>
    </p>
   </div>
   <div class='ocr_carea' id='block_1_4' title="bbox 1649 1690 1823 1751">
    <p class='ocr_par' dir='ltr' id='par_1_6' title="bbox 1649 1690 1823 1751">
     <span class='ocr_line' id='line_1_7' title="bbox 1649 1690 1823 1751; baseline 0.017 -3"><span class='ocrx_word' id='word_1_31' title='bbox 1649 1690 1823 1751; x_wconf 86' lang='lat' dir='ltr'>XIV.</span> 
     </span>
    </p>
   </div>
   <div class='ocr_carea' id='block_1_5' title="bbox 614 1866 2939 2581">
    <p class='ocr_par' dir='ltr' id='par_1_7' title="bbox 706 1866 1399 1974">
     <span class='ocr_line' id='line_1_8' title="bbox 706 1866 1399 1974; baseline 0.003 -41"><span class='ocrx_word' id='word_1_32' title='bbox 706 1868 845 1933; x_wconf 82' lang='lat' dir='ltr'>Liv.</span> <span class='ocrx_word' id='word_1_33' title='bbox 894 1866 1134 1933; x_wconf 89' lang='lat' dir='ltr'><strong>XXIV.</strong></span> <span class='ocrx_word' id='word_1_34' title='bbox 1185 1872 1289 1974; x_wconf 57' lang='lat' dir='ltr'>le.</span> <span class='ocrx_word' id='word_1_35' title='bbox 1338 1872 1399 1935; x_wconf 78' lang='lat'>2.</span> 
     </span>
    </p>

    <p class='ocr_par' dir='ltr' id='par_1_8' title="bbox 614 1985 2939 2455">
     <span class='ocr_line' id='line_1_9' title="bbox 707 1985 2862 2080; baseline -0 -22"><span class='ocrx_word' id='word_1_36' title='bbox 707 1993 1008 2059; x_wconf 86' lang='lat' dir='ltr'>Censores</span> <span class='ocrx_word' id='word_1_37' title='bbox 1052 1994 1233 2059; x_wconf 83' lang='lat' dir='ltr'>vacui</span> <span class='ocrx_word' id='word_1_38' title='bbox 1269 1992 1348 2059; x_wconf 90' lang='lat' dir='ltr'>ab</span> <span class='ocrx_word' id='word_1_39' title='bbox 1385 2016 1643 2079; x_wconf 85' lang='lat' dir='ltr'>operum</span> <span class='ocrx_word' id='word_1_40' title='bbox 1679 1995 2084 2060; x_wconf 85' lang='lat' dir='ltr'><strong>locandorum</strong></span> <span class='ocrx_word' id='word_1_41' title='bbox 2125 2016 2287 2070; x_wconf 84' lang='lat' dir='ltr'>eura¹</span> <span class='ocrx_word' id='word_1_42' title='bbox 2310 1985 2564 2080; x_wconf 83' lang='lat' dir='ltr'>propter</span> <span class='ocrx_word' id='word_1_43' title='bbox 2586 1993 2862 2079; x_wconf 89' lang='lat' dir='ltr'>inopiam</span> 
     </span>
     <span class='ocr_line' id='line_1_10' title="bbox 616 2100 2939 2204; baseline -0 -20"><span class='ocrx_word' id='word_1_44' title='bbox 616 2118 855 2199; x_wconf 84' lang='lat' dir='ltr'>aerarii,</span> <span class='ocrx_word' id='word_1_45' title='bbox 902 2120 978 2184; x_wconf 90' lang='lat' dir='ltr'>ad</span> <span class='ocrx_word' id='word_1_46' title='bbox 1030 2141 1231 2183; x_wconf 87' lang='lat' dir='ltr'>mores</span> <span class='ocrx_word' id='word_1_47' title='bbox 1276 2118 1600 2195; x_wconf 80' lang='lat' dir='ltr'>hominum</span> <span class='ocrx_word' id='word_1_48' title='bbox 1639 2100 1941 2204; x_wconf 81' lang='lat' dir='ltr'>regendos</span> <span class='ocrx_word' id='word_1_49' title='bbox 1979 2119 2256 2184; x_wconf 86' lang='lat' dir='ltr'>animum</span> <span class='ocrx_word' id='word_1_50' title='bbox 2296 2118 2727 2197; x_wconf 86' lang='lat' dir='ltr'>adverterunt,</span> <span class='ocrx_word' id='word_1_51' title='bbox 2767 2141 2863 2183; x_wconf 88' lang='lat' dir='ltr'>ca·</span> <span class='ocrx_word' id='word_1_52' title='bbox 2932 2104 2939 2110; x_wconf 52' lang='grc'><strong>’</strong></span> 
     </span>
     <span class='ocr_line' id='line_1_11' title="bbox 615 2243 2860 2333; baseline -0.001 -22"><span class='ocrx_word' id='word_1_53' title='bbox 615 2244 1026 2333; x_wconf 85' lang='lat' dir='ltr'>stigandaque</span> <span class='ocrx_word' id='word_1_54' title='bbox 1067 2244 1236 2324; x_wconf 85' lang='lat' dir='ltr'>vitia,</span> <span class='ocrx_word' id='word_1_55' title='bbox 1277 2266 1516 2329; x_wconf 89' lang='lat' dir='ltr'>quae,</span> <span class='ocrx_word' id='word_1_56' title='bbox 1566 2245 1803 2309; x_wconf 84' lang='lat' dir='ltr'>velut</span> <span class='ocrx_word' id='word_1_57' title='bbox 1846 2245 1985 2309; x_wconf 87' lang='lat' dir='ltr'>diu</span> <span class='ocrx_word' id='word_1_58' title='bbox 2008 2245 2221 2310; x_wconf 82' lang='lat' dir='ltr'>tinis</span> <span class='ocrx_word' id='word_1_59' title='bbox 2265 2243 2571 2309; x_wconf 79' lang='lat' dir='ltr'>morbis</span> <span class='ocrx_word' id='word_1_60' title='bbox 2618 2267 2860 2329; x_wconf 86' lang='lat' dir='ltr'>aegra</span> 
     </span>
     <span class='ocr_line' id='line_1_12' title="bbox 614 2369 2531 2455; baseline 0.001 -20"><span class='ocrx_word' id='word_1_61' title='bbox 614 2392 958 2455; x_wconf 84' lang='lat' dir='ltr'>corpora</span> <span class='ocrx_word' id='word_1_62' title='bbox 1005 2370 1092 2435; x_wconf 71' lang='lat' dir='ltr'>eir</span> <span class='ocrx_word' id='word_1_63' title='bbox 1139 2394 1314 2435; x_wconf 89' lang='lat' dir='ltr'>sese</span> <span class='ocrx_word' id='word_1_64' title='bbox 1359 2370 1550 2455; x_wconf 86' lang='lat' dir='ltr'>gign</span> <span class='ocrx_word' id='word_1_65' title='bbox 1573 2392 1609 2433; x_wconf 88' lang='lat' dir='ltr'>u</span> <span class='ocrx_word' id='word_1_66' title='bbox 1631 2376 1756 2448; x_wconf 86' lang='lat' dir='ltr'>nt,</span> <span class='ocrx_word' id='word_1_67' title='bbox 1804 2393 1876 2435; x_wconf 87' lang='lat' dir='ltr'>eo</span> <span class='ocrx_word' id='word_1_68' title='bbox 1929 2377 2076 2434; x_wconf 89' lang='lat' dir='ltr'>nata</span> <span class='ocrx_word' id='word_1_69' title='bbox 2122 2369 2288 2434; x_wconf 90' lang='lat' dir='ltr'>bello</span> <span class='ocrx_word' id='word_1_70' title='bbox 2336 2377 2531 2437; x_wconf 87' lang='lat' dir='ltr'>erant.</span> 
     </span>
    </p>

    <p class='ocr_par' dir='ltr' id='par_1_9' title="bbox 706 2494 2409 2581">
     <span class='ocr_line' id='line_1_13' title="bbox 706 2494 2409 2581; baseline 0.001 -22"><span class='ocrx_word' id='word_1_71' title='bbox 706 2494 856 2559; x_wconf 86' lang='lat' dir='ltr'>Post</span> <span class='ocrx_word' id='word_1_72' title='bbox 907 2494 1158 2560; x_wconf 83' lang='lat' dir='ltr'>verbum</span> <span class='ocrx_word' id='word_1_73' title='bbox 1212 2518 1270 2560; x_wconf 90' lang='lat' dir='ltr'><strong>m</strong></span> <span class='ocrx_word' id='word_1_74' title='bbox 1291 2518 1326 2559; x_wconf 93' lang='lat' dir='ltr'><strong>o</strong></span> <span class='ocrx_word' id='word_1_75' title='bbox 1344 2517 1375 2559; x_wconf 83' lang='lat' dir='ltr'>r</span> <span class='ocrx_word' id='word_1_76' title='bbox 1393 2494 1432 2559; x_wconf 92' lang='lat' dir='ltr'>b</span> <span class='ocrx_word' id='word_1_77' title='bbox 1455 2496 1524 2559; x_wconf 90' lang='lat' dir='ltr'>is</span> <span class='ocrx_word' id='word_1_78' title='bbox 1572 2495 1969 2560; x_wconf 86' lang='lat' dir='ltr'>inserendum</span> <span class='ocrx_word' id='word_1_79' title='bbox 2015 2503 2109 2561; x_wconf 85' lang='lat' dir='ltr'>est</span> <span class='ocrx_word' id='word_1_80' title='bbox 2155 2519 2191 2561; x_wconf 89' lang='lat' dir='ltr'>a</span> <span class='ocrx_word' id='word_1_81' title='bbox 2212 2520 2245 2560; x_wconf 90' lang='lat' dir='ltr'>e</span> <span class='ocrx_word' id='word_1_82' title='bbox 2259 2518 2301 2581; x_wconf 86' lang='lat' dir='ltr'>g</span> <span class='ocrx_word' id='word_1_83' title='bbox 2318 2519 2351 2561; x_wconf 89' lang='lat' dir='ltr'>r</span> <span class='ocrx_word' id='word_1_84' title='bbox 2368 2496 2409 2560; x_wconf 89' lang='lat' dir='ltr'>i.</span> 
     </span>
    </p>
   </div>
   <div class='ocr_carea' id='block_1_6' title="bbox 1665 2733 1807 2792">
    <p class='ocr_par' dir='ltr' id='par_1_10' title="bbox 1665 2733 1807 2792">
     <span class='ocr_line' id='line_1_14' title="bbox 1665 2733 1807 2792; baseline 0 0"><span class='ocrx_word' id='word_1_85' title='bbox 1665 2733 1807 2792; x_wconf 92' lang='lat' dir='ltr'>XV.</span> 
     </span>
    </p>
   </div>
   <div class='ocr_carea' id='block_1_7' title="bbox 606 2908 2747 3749">
    <p class='ocr_par' dir='ltr' id='par_1_11' title="bbox 606 2908 2747 3749">
     <span class='ocr_line' id='line_1_15' title="bbox 704 2908 1683 2994; baseline 0 -20"><span class='ocrx_word' id='word_1_86' title='bbox 704 2908 890 2976; x_wconf 86' lang='lat' dir='ltr'>Ovid.</span> <span class='ocrx_word' id='word_1_87' title='bbox 937 2909 1098 2975; x_wconf 90' lang='lat' dir='ltr'>Met.</span> <span class='ocrx_word' id='word_1_88' title='bbox 1142 2909 1336 2978; x_wconf 88' lang='lat' dir='ltr'>XIII.</span> <span class='ocrx_word' id='word_1_89' title='bbox 1390 2913 1468 2977; x_wconf 83' lang='lat'>77</span> <span class='ocrx_word' id='word_1_90' title='bbox 1515 2932 1683 2994; x_wconf 89' lang='lat' dir='ltr'>seqq.</span> 
     </span>
     <span class='ocr_line' id='line_1_16' title="bbox 793 3035 2435 3122; baseline 0.001 -23"><span class='ocrx_word' id='word_1_91' title='bbox 793 3035 859 3100; x_wconf 87' lang='lat' dir='ltr'>Si</span> <span class='ocrx_word' id='word_1_92' title='bbox 902 3042 1137 3122; x_wconf 78' lang='lat' dir='ltr'>perstas</span> <span class='ocrx_word' id='word_1_93' title='bbox 1181 3042 1437 3116; x_wconf 84' lang='lat' dir='ltr'>certare,</span> <span class='ocrx_word' id='word_1_94' title='bbox 1478 3035 1689 3101; x_wconf 80' lang='lat' dir='ltr'>locum</span> <span class='ocrx_word' id='word_1_95' title='bbox 1739 3037 2062 3101; x_wconf 86' lang='lat' dir='ltr'>redeamus</span> <span class='ocrx_word' id='word_1_96' title='bbox 2104 3037 2173 3101; x_wconf 81' lang='lat' dir='ltr'>in</span> <span class='ocrx_word' id='word_1_97' title='bbox 2217 3037 2435 3102; x_wconf 87' lang='lat' dir='ltr'><strong>illum:</strong></span> 
     </span>
     <span class='ocr_line' id='line_1_17' title="bbox 789 3147 2688 3246; baseline 0.001 -20"><span class='ocrx_word' id='word_1_98' title='bbox 789 3161 1006 3227; x_wconf 81' lang='lat' dir='ltr'>Redde</span> <span class='ocrx_word' id='word_1_99' title='bbox 1037 3163 1288 3227; x_wconf 78' lang='lat' dir='ltr'>hostem</span> <span class='ocrx_word' id='word_1_100' title='bbox 1338 3147 1689 3246; x_wconf 78' lang='lat' dir='ltr'>vulnusque</span> <span class='ocrx_word' id='word_1_101' title='bbox 1735 3169 1920 3227; x_wconf 90' lang='lat' dir='ltr'>tuum</span> <span class='ocrx_word' id='word_1_102' title='bbox 1970 3161 2355 3246; x_wconf 89' lang='lat' dir='ltr'>solitumque</span> <span class='ocrx_word' id='word_1_103' title='bbox 2402 3163 2688 3227; x_wconf 86' lang='lat' dir='ltr'>timorem</span> 
     </span>
     <span class='ocr_line' id='line_1_18' title="bbox 791 3285 2747 3372; baseline -0.001 -23"><span class='ocrx_word' id='word_1_104' title='bbox 791 3285 942 3350; x_wconf 80' lang='lat' dir='ltr'>Post</span> <span class='ocrx_word' id='word_1_105' title='bbox 987 3287 1400 3372; x_wconf 82' lang='lat' dir='ltr'>clypeumque</span> <span class='ocrx_word' id='word_1_106' title='bbox 1426 3286 1572 3351; x_wconf 80' lang='lat' dir='ltr'>-late</span> <span class='ocrx_word' id='word_1_107' title='bbox 1607 3295 1683 3352; x_wconf 79' lang='lat' dir='ltr'>et</span> <span class='ocrx_word' id='word_1_108' title='bbox 1732 3309 1971 3352; x_wconf 88' lang='lat' dir='ltr'>mecum</span> <span class='ocrx_word' id='word_1_109' title='bbox 2024 3287 2340 3351; x_wconf 79' lang='lat' dir='ltr'>contende</span> <span class='ocrx_word' id='word_1_110' title='bbox 2378 3286 2495 3352; x_wconf 90' lang='lat' dir='ltr'>sub</span> <span class='ocrx_word' id='word_1_111' title='bbox 2543 3287 2692 3353; x_wconf 74' lang='lat' dir='ltr'>illo..</span> <span class='ocrx_word' id='word_1_112' title='bbox 2739 3341 2747 3348; x_wconf 91' lang='lat'>.</span> 
     </span>
     <span class='ocr_line' id='line_1_19' title="bbox 606 3407 2453 3497; baseline -0.001 -20"><span class='ocrx_word' id='word_1_113' title='bbox 606 3466 622 3477; x_wconf 85' lang='lat'>.</span> <span class='ocrx_word' id='word_1_114' title='bbox 663 3414 741 3475; x_wconf 90' lang='grc'>80</span> <span class='ocrx_word' id='word_1_115' title='bbox 792 3412 880 3475; x_wconf 87' lang='lat' dir='ltr'>At</span> <span class='ocrx_word' id='word_1_116' title='bbox 921 3407 1248 3496; x_wconf 83' lang='lat' dir='ltr'>postquam</span> <span class='ocrx_word' id='word_1_117' title='bbox 1294 3412 1515 3497; x_wconf 86' lang='lat' dir='ltr'>eripui,</span> <span class='ocrx_word' id='word_1_118' title='bbox 1563 3413 1666 3476; x_wconf 88' lang='lat' dir='ltr'>cui</span> <span class='ocrx_word' id='word_1_119' title='bbox 1712 3411 1919 3476; x_wconf 87' lang='lat' dir='ltr'>standi</span> <span class='ocrx_word' id='word_1_120' title='bbox 1965 3411 2220 3476; x_wconf 85' lang='lat' dir='ltr'>vulnera</span> <span class='ocrx_word' id='word_1_121' title='bbox 2269 3413 2453 3490; x_wconf 71' lang='lat' dir='ltr'>vitea,</span> 
     </span>
     <span class='ocr_line' id='line_1_20' title="bbox 789 3537 2395 3622; baseline 0.001 -20"><span class='ocrx_word' id='word_1_122' title='bbox 789 3537 935 3602; x_wconf 91' lang='lat' dir='ltr'>Non</span> <span class='ocrx_word' id='word_1_123' title='bbox 982 3537 1304 3617; x_wconf 88' lang='lat' dir='ltr'>dederant,</span> <span class='ocrx_word' id='word_1_124' title='bbox 1352 3538 1528 3602; x_wconf 82' lang='lat' dir='ltr'>nullo</span> <span class='ocrx_word' id='word_1_125' title='bbox 1574 3537 1857 3603; x_wconf 74' lang='lat' dir='ltr'>tardatus</span> <span class='ocrx_word' id='word_1_126' title='bbox 1904 3537 2160 3602; x_wconf 85' lang='lat' dir='ltr'>vulnere</span> <span class='ocrx_word' id='word_1_127' title='bbox 2208 3537 2395 3622; x_wconf 83' lang='lat' dir='ltr'>fugit.</span> 
     </span>
     <span class='ocr_line' id='line_1_21' title="bbox 703 3659 2259 3749; baseline 0.003 -24"><span class='ocrx_word' id='word_1_128' title='bbox 703 3659 937 3728; x_wconf 82' lang='lat' dir='ltr'>Versus</span> <span class='ocrx_word' id='word_1_129' title='bbox 988 3666 1091 3744; x_wconf 87' lang='lat'>80,</span> <span class='ocrx_word' id='word_1_130' title='bbox 1143 3666 1222 3728; x_wconf 83' lang='lat'>81</span> <span class='ocrx_word' id='word_1_131' title='bbox 1273 3670 1418 3728; x_wconf 90' lang='lat' dir='ltr'>ante</span> <span class='ocrx_word' id='word_1_132' title='bbox 1472 3665 1547 3728; x_wconf 86' lang='grc'>77</span> <span class='ocrx_word' id='word_1_133' title='bbox 1597 3663 2039 3749; x_wconf 88' lang='lat' dir='ltr'>transponendi</span> <span class='ocrx_word' id='word_1_134' title='bbox 2089 3668 2259 3729; x_wconf 90' lang='lat' dir='ltr'>sunt.</span> 
     </span>
    </p>
   </div>
   <div class='ocr_carea' id='block_1_8' title="bbox 1649 3897 1821 3958">
    <p class='ocr_par' dir='ltr' id='par_1_12' title="bbox 1649 3897 1821 3958">
     <span class='ocr_line' id='line_1_22' title="bbox 1649 3897 1821 3958; baseline 0.006 -2"><span class='ocrx_word' id='word_1_135' title='bbox 1649 3897 1821 3958; x_wconf 86' lang='lat' dir='ltr'>XVI.</span> 
     </span>
    </p>
   </div>
   <div class='ocr_carea' id='block_1_9' title="bbox 699 4034 1672 4143">
    <p class='ocr_par' dir='ltr' id='par_1_13' title="bbox 699 4034 1672 4143">
     <span class='ocr_line' id='line_1_23' title="bbox 699 4034 1672 4143; baseline 0.006 -6"><span class='ocrx_word' id='word_1_136' title='bbox 699 4073 914 4138; x_wconf 86' lang='lat' dir='ltr'>Senec.</span> <span class='ocrx_word' id='word_1_137' title='bbox 962 4073 1040 4138; x_wconf 89' lang='lat' dir='ltr'>de</span> <span class='ocrx_word' id='word_1_138' title='bbox 1084 4073 1389 4141; x_wconf 87' lang='lat' dir='ltr'>Clement.</span> <span class='ocrx_word' id='word_1_139' title='bbox 1443 4073 1558 4143; x_wconf 86' lang='lat' dir='ltr'>VI.</span> <span class='ocrx_word' id='word_1_140' title='bbox 1613 4034 1672 4143; x_wconf 77' lang='lat'>7.</span> 
     </span>
    </p>
   </div>
   <div class='ocr_carea' id='block_1_10' title="bbox 611 4198 2855 4419">
    <p class='ocr_par' dir='ltr' id='par_1_14' title="bbox 611 4198 2855 4419">
     <span class='ocr_line' id='line_1_24' title="bbox 699 4198 2854 4287; baseline 0.005 -25"><span class='ocrx_word' id='word_1_141' title='bbox 699 4198 1168 4266; x_wconf 86' lang='lat' dir='ltr'>Constituamus</span> <span class='ocrx_word' id='word_1_142' title='bbox 1215 4223 1384 4265; x_wconf 88' lang='lat' dir='ltr'>nune</span> <span class='ocrx_word' id='word_1_143' title='bbox 1431 4223 1680 4286; x_wconf 89' lang='lat' dir='ltr'>quoque</span> <span class='ocrx_word' id='word_1_144' title='bbox 1726 4204 1877 4287; x_wconf 82' lang='lat' dir='ltr'>quid</span> <span class='ocrx_word' id='word_1_145' title='bbox 1926 4206 2009 4268; x_wconf 85' lang='lat' dir='ltr'>sit</span> <span class='ocrx_word' id='word_1_146' title='bbox 2051 4206 2249 4285; x_wconf 84' lang='lat' dir='ltr'>venia,</span> <span class='ocrx_word' id='word_1_147' title='bbox 2295 4214 2367 4272; x_wconf 86' lang='lat' dir='ltr'>ut</span> <span class='ocrx_word' id='word_1_148' title='bbox 2405 4208 2671 4273; x_wconf 84' lang='lat' dir='ltr'>sciamus</span> <span class='ocrx_word' id='word_1_149' title='bbox 2718 4209 2854 4273; x_wconf 87' lang='lat' dir='ltr'>dari</span> 
     </span>
     <span class='ocr_line' id='line_1_25' title="bbox 611 4323 2855 4419; baseline 0.006 -31"><span class='ocrx_word' id='word_1_150' title='bbox 611 4323 782 4388; x_wconf 89' lang='lat' dir='ltr'><strong>illam</strong></span> <span class='ocrx_word' id='word_1_151' title='bbox 832 4346 867 4387; x_wconf 90' lang='lat' dir='ltr'>a</span> <span class='ocrx_word' id='word_1_152' title='bbox 914 4323 1181 4413; x_wconf 86' lang='lat' dir='ltr'>sapienti</span> <span class='ocrx_word' id='word_1_153' title='bbox 1227 4347 1354 4394; x_wconf 87' lang='lat' dir='ltr'>non</span> <span class='ocrx_word' id='word_1_154' title='bbox 1400 4326 1643 4394; x_wconf 89' lang='lat' dir='ltr'>debere.</span> <span class='ocrx_word' id='word_1_155' title='bbox 1692 4327 1895 4398; x_wconf 87' lang='lat' dir='ltr'>Venia</span> <span class='ocrx_word' id='word_1_156' title='bbox 1942 4336 2035 4394; x_wconf 88' lang='lat' dir='ltr'>est</span> <span class='ocrx_word' id='word_1_157' title='bbox 2072 4352 2307 4419; x_wconf 88' lang='lat' dir='ltr'>poenae</span> <span class='ocrx_word' id='word_1_158' title='bbox 2350 4335 2603 4404; x_wconf 75' lang='lat' dir='ltr'>meritae</span> <span class='ocrx_word' id='word_1_159' title='bbox 2646 4337 2855 4406; x_wconf 80' lang='lat' dir='ltr'>remis·</span> 
     </span>
    </p>
   </div>
  </div>
 </body>
</html>
