3350 5250
1810 580 1895 642 34

720 791 1074 872 τιμημάτων
1135 792 1335 864 αὐτοῖς
1381 787 1651 871 μείζονας
1694 787 1798 856 καὶ
1843 786 1955 860 τὰς
1998 783 2264 868 eiectam
2306 779 2463 852 εἶναι.
2515 781 2633 850 Καὶ
2680 778 3043 863 προσετί-

725 941 884 996 μησε
927 923 1078 998 τρεῖς
1121 921 1393 998 χαλκοῦς
1437 915 1574 997 πρὸς
1617 921 1736 988 τοῖς
1778 913 2009 994 χιλίοις,
2056 911 2206 985 ὅπως
2246 909 2619 994 βαρυνόμενοι
2658 916 2819 982 ταῖς
2854 909 3039 973 ἕπτ-

726 1042 941 1120 βολαῒς
986 1040 1091 1108 καὶ
1137 1041 1269 1115 τοὺς
1315 1043 1623 1114 εὐσταλεῖς
1665 1037 1771 1106 καὶ
1814 1039 2007 1112 λιτοὺς
2044 1039 2271 1120 ὁρῶντες
2310 1037 2431 1102 ἀπὸ
2470 1041 2582 1101 τῶν
2616 1033 2749 1099 ἴσων
2774 1031 3039 1098 ἐλάτ-

725 1191 864 1234 τονα
907 1171 1224 1239 τελοῦντας
1269 1167 1349 1239 εἰς
1393 1168 1460 1232 τὸ
1506 1145 1779 1244 δημότην
1823 1161 2330 1245 ἄπαγωρεύωσιν.”

815 1292 908 1356 Ut
950 1293 1144 1378 igitur
1187 1292 1264 1358 ab
1307 1293 1744 1378 antiquissimo
1792 1290 2125 1370 ordiamur,
2172 1289 2445 1354 vidimus
2478 1269 2557 1352 Pl
2592 1283 3019 1352 Cornelium

723 1417 1020 1486 Rufinum
1084 1417 1164 1484 ob
1221 1417 1476 1485 nimiam
1523 1417 1765 1503 argenti
1810 1416 1955 1482 facti
1998 1415 2237 1502 copiam
2282 1437 2320 1478 a
2358 1412 2430 1480 G.
2482 1409 2764 1478 Fabricio
2830 1431 3020 1475 oen·-

725 1565 858 1608 sore
923 1549 1141 1608 senatu
1207 1550 1448 1616 motum
1515 1565 1646 1613 esse
1716 1565 1879 1612 anno
1941 1541 2255 1629 479s275.
2318 1538 2615 1625 Tempore
2677 1537 2793 1602 illo
2854 1536 3014 1602 Ro-

726 1691 906 1732 mana
949 1667 1240 1734 nobilitas
1283 1668 1506 1776 opibus
1547 1675 1612 1736 et
1653 1669 1855 1755 gratia
1896 1690 2083 1753 quam
2126 1665 2385 1732 maxime
2424 1663 2717 1752 pollebat.
2789 1661 3012 1727 Loco

730 1793 1132 1878 patriciorum
1196 1815 1352 1858 nova
1411 1794 1733 1860 exstiterat
1778 1792 2071 1860 nobilitas
2098 1793 2169 1878 1),
2217 1792 2397 1878 cujus
2440 1789 2777 1856 auctoritas
2836 1809 3001 1852 non

728 1925 855 1984 tam
928 1919 1308 2004 antiquitate
1369 1921 1630 2006 generis,
1691 1942 1875 2005 quam
1937 1917 2220 1986 maximis
2279 1917 2356 1983 de
2420 1940 2487 1982 re
2534 1914 2791 2004 publica
2850 1936 2999 1978 me-

727 2046 863 2112 ritis
917 2046 1255 2114 nitebatur.
1319 2047 1594 2133 Singulis
1637 2054 1845 2116 autem
1892 2044 2227 2112 nobilibus.
2252 2044 2634 2132 propositum
2682 2048 2847 2121 erat,
2907 2045 3000 2105 ut

732 2171 1080 2236 universam
1141 2171 1532 2240 nobilitatem
1593 2172 1791 2257 gloria
1852 2177 2185 2258 augerent;
2246 2169 2371 2236 huc
2432 2191 2611 2233 omne
2672 2167 2991 2232 studium

729 2297 865 2362 suis·
919 2297 1115 2362 missis
1176 2297 1508 2365 commodis
1569 2297 1987 2377 conferebant,
2054 2302 2128 2362 ut
2172 2295 2279 2362 illa
2324 2296 2582 2360 florente
2627 2293 2745 2378 ipsi
2792 2293 2984 2378 vige·

727 2428 870 2488 rent
935 2445 1006 2486 ac
1074 2420 1194 2492 sibi
1263 2422 1524 2507 quisque
1593 2446 1665 2488 ea
1729 2429 1977 2488 tantum
2034 2420 2329 2488 haberent
2392 2419 2731 2500 commoda,
2800 2439 2988 2504 quae

725 2569 804 2646 ex
883 2545 1040 2612 bone
1121 2549 1465 2616 constituto
1543 2570 1797 2635 corpore
1864 2547 1929 2614 in
2000 2547 2245 2633 singula
2316 2545 2591 2610 membra
2659 2542 2985 2609 redunda-

728 2681 890 2741 rent.
963 2674 1126 2741 Hinc
1191 2696 1429 2743 summa
1495 2681 1629 2742 erat
1696 2676 1859 2741 inter
1918 2696 2019 2739 eos
2048 2674 2056 2687 ’
2084 2673 2432 2752 concordia,
2492 2671 2657 2737 nihil
2719 2670 2977 2756 conspi-

729 2798 1006 2866 ciebatur
1061 2799 1386 2867 dividuum
1405 2828 1423 2880 3
1485 2800 1717 2887 singuli
1765 2800 2191 2867 universorum
2242 2799 2431 2866 saluti
2477 2796 2977 2885 prospiciebant.

728 2923 1142 2992 Mutabantur
1187 2926 1458 2992 membra
1505 2928 1610 2993 scd
1661 2926 1947 2993 manebat
1990 2949 2213 3013 corpus
2240 2929 2315 3012 Β).
2361 2924 2562 2991 Novis
2608 2925 2809 3009 igitur
2858 2923 2974 2987 ho-

730 3048 999 3115 minibus
1067 3051 1144 3115 ad
1211 3049 1604 3117 nobilitatem
1663 3050 1845 3118 facile
1905 3049 2159 3137 patebat
2216 3049 2443 3129 aditus,
2493 3048 2839 3114 dummodo
2888 3044 2969 3111 ad

729 3194 1116 3241 communem
1161 3176 1427 3243 salutem
1470 3174 1817 3261 aagendam
1862 3176 2166 3261 insignem
2212 3175 2613 3261 prudentiam
2668 3180 2733 3237 et
2776 3194 2967 3238 usum

733 3299 1099 3365 diuturnum
1171 3299 1540 3367 conferrent.
1607 3293 1705 3367 A'd
1769 3300 1933 3367 hanc
1977 3307 2243 3367 aetatem
2290 3298 2595 3385 imprimis
2620 3296 2971 3365 referenda

730 3432 880 3490 sunt
925 3423 1124 3491 Taciti
1171 3424 1388 3492 verba:
1427 3426 1674 3512 „Apud
1718 3426 1979 3511 majores
2000 3423 2272 3512 'virtutis
2290 3423 2357 3488 id
2384 3424 2449 3507 (i.
2477 3446 2530 3488 e.
2558 3422 2963 3509 magistratus

729 3548 1007 3633 adipisci)
1073 3550 1409 3635 praemium
1469 3557 1637 3629 erat;
1686 3550 2062 3635 cunctisque.
2105 3550 2353 3629 civium,
2404 3549 2457 3613 si
2506 3547 2685 3614 bonis
2726 3547 2968 3613 artibus

730 3672 1015 3753 fiderent,
1066 3675 1308 3741 licitum
1355 3683 1564 3763 petere
1610 3676 2008 3763 magistratus
2023 3672 2067 3757 3*
2090 3699 2161 3740 ac
2206 3698 2285 3741 ne
2326 3681 2496 3740 aetas
2545 3672 2796 3759 quidem
2848 3672 2963 3737 dis-
3045 3693 3054 3702 “

2604 3820 2609 3845 ,
2838 3830 2845 3834 .

799 3872 849 3937 1)
889 3872 1005 3922 Vide
1040 3874 1163 3925 Sall.
1195 3875 1309 3939 Jug.
1345 3878 1427 3925 41.
1467 3876 1560 3935 423
1603 3874 1711 3926 Cat.
1748 3876 1839 3935 39;
1872 3876 1953 3939 qui
1987 3875 2179 3925 classici
2213 3873 2416 3923 omnino
2452 3878 2568 3922 sunt
2602 3873 2700 3924 loci
2734 3872 2793 3922 de
2830 3871 2961 3923 nobi·

729 3946 1138 4029 litate.⁸Legatur
1171 3982 1316 4032 porro
1351 3967 1410 4016 de
1444 3966 1591 4031 hujus
1617 3967 1797 4017 aetatis
1832 3967 1954 4016 viris
1986 3967 2262 4017 Mommsen
2304 3966 2361 4016 R.
2401 3966 2460 4014 G.
2498 3966 2525 4014 I
2553 3982 2661 4031 pag.
2682 3965 2963 4014 458—455.

798 4056 858 4119 2)
890 4056 1030 4115 „wie
1074 4056 1158 4108 das
1203 4058 1333 4107 Grab
1370 4059 1423 4109 in
1458 4059 1673 4123 gleichcr
1707 4058 1869 4109 Weiss
1904 4059 2025 4109 iiber
2057 4058 2169 4109 dem
2198 4056 2535 4108 bedeutcuden
2574 4058 2663 4107 wie
2697 4057 2819 4107 iiber
2850 4056 2951 4105 dem

727 4145 960 4209 ger-ingen
1009 4146 1278 4199 Menscheu
1327 4148 1432 4197 sich
1481 4148 1725 4212 schliesst,
1772 4165 1825 4199 so
1871 4149 2004 4199 steht
2050 4149 2173 4199 auch
2222 4149 2277 4201 in
2323 4148 2408 4199 der
2442 4147 2719 4199 romischen
2758 4148 2963 4211 Biirger·

729 4237 1044 4289 meisterliste
1085 4238 1170 4287 der
1215 4238 1434 4305 nichtige
1477 4240 1668 4290 Junker
1703 4238 2173 4292 uunnterselieidbar
2205 4239 2363 4291 nebcn
2399 4238 2508 4291 dom
2545 4254 2747 4303 grosseti
2780 4239 2962 4289 Staats-

730 4327 913 4377 mann'’
947 4329 1080 4392 (M.).
