3350 5250
1538 517 1618 578 57

302 792 310 802 .
411 715 820 782 Duronium
896 720 1210 802 quendam
1279 726 1500 785 senatu
1571 721 1851 798 movisse,
1924 720 2094 804 quod
2164 720 2457 786 tribunus
2523 720 2720 807 plebis

406 838 630 925 legem
709 843 810 907 de
878 844 1232 908 coercendis
1294 846 1716 910 conviviorum
1782 845 2159 942 sumptibus,
2207 843 2584 930 abrogasset.
2635 847 2725 910 At

407 965 635 1051 legem
695 968 893 1033 illam
941 968 1254 1033 Liciniam
1301 970 1514 1050 fuisse,
1563 969 1785 1034 lubens
1831 969 2132 1035 assentior
2173 969 2535 1034 Boxmanno
2560 973 2721 1056 (pag.

413 1095 552 1174 48),
610 1095 882 1181 quippe
927 1117 1051 1178 qua
1092 1095 1153 1159 in
1198 1095 1335 1180 lege
1375 1095 1649 1173 ferenda,
1691 1096 2223 1160 exolescente
2271 1101 2484 1159 metu
2524 1096 2725 1186 anti·

412 1219 840 1300 quioris,
913 1218 1254 1303 quaesitam
1326 1242 1523 1283 novae
1594 1219 1750 1304 legis
1814 1219 2254 1284 auctoritatem
2314 1242 2443 1283 esse
2492 1225 2724 1284 ‘narret

415 1342 848 1408 Macrobius.
918 1341 1448 1426 Quandoquidem
1505 1365 1691 1428 porro
1753 1366 1914 1408 anno
1980 1345 2225 1432 656s98
2288 1343 2417 1407 lata
2477 1348 2578 1406 est
2622 1341 2721 1406 lex

419 1463 740 1532 Caecilia
805 1468 1014 1549 Didia,
1077 1490 1237 1551 quae
1301 1467 1697 1550 optimatium
1762 1469 1966 1552 gratia·
2012 1451 2283 1553 'jubebat
2330 1467 2395 1531 in
2446 1466 2722 1552 promul·

423 1594 690 1676 gaudis
742 1593 992 1677 legibus
1041 1593 1480 1658 trinundinum
1532 1600 1781 1679 tempus
1828 1593 2160 1674 observari,
2206 1593 2505 1658 credibile
2551 1593 2722 1676 equi-

428 1718 592 1781 dem
682 1742 810 1783 non
878 1726 1052 1804 puto,
1112 1720 1238 1804 jam
1309 1719 1598 1802 sequenti
1660 1741 1825 1783 anno
1884 1720 2162 1805 ipsorum
2229 1720 2512 1807 exemplo
2560 1720 2759 1806 hanc¹

433 1845 733 1910 eandem
801 1845 1001 1929 legem
1067 1843 1416 1930 neglectam
1468 1867 1619 1910 esse.
1669 1843 1856 1924 Quod
1903 1852 2111 1910 tamen
2164 1845 2395 1910 factum
2445 1850 2623 1926 esset,
2671 1845 2721 1910 si

440 1968 728 2036 Crassus
798 1971 1018 2036 consul
1079 1969 1281 2056 legem
1343 1971 1631 2050 tulisset3
1694 1970 2022 2036 audiamus
2070 1949 2250 2035 modo
2299 1969 2719 2036 Macrobium:

445 2094 685 2172 „Post
757 2094 1008 2161 Didiam
1073 2093 1320 2159 Licinia
1379 2095 1477 2160 lex
1542 2095 1669 2159 lata
1714 2102 1827 2173 est,
1884 2097 2063 2181 cujus
2110 2097 2411 2161 ferundae
2459 2095 2722 2181 proban-

448 2219 714 2304 daeque
780 2226 1030 2284 tantum
1093 2220 1375 2284 studium
1439 2220 1530 2284 ab
1592 2220 2150 2305 optimatibus
2208 2223 2556 2306 impensum
2608 2228 2721 2301 est,

455 2353 544 2408 ut
593 2344 902 2409 consulto
967 2351 1220 2409 senatus
1272 2343 1623 2430 juberetur,
1673 2350 1761 2408 ut
1809 2368 1893 2409 ea
1938 2349 2510 2412 tantummodo
2557 2370 2721 2433 pro-
2825 2372 2844 2384 ‘

467 2471 895 2556 mulgata,
958 2472 1439 2556 priusquam
1490 2443 1999 2544 trinundino
2046 2471 2584 2558 probaretur,
2632 2474 2721 2536 ita

461 2595 549 2660 ab
617 2593 908 2661 omnibus
971 2593 1419 2676 observaretur,
1483 2597 1662 2680 quasi
1714 2600 1845 2682 jam
1910 2597 2129 2684 populi
2195 2599 2505 2663 sententia
2556 2620 2717 2663 com·

463 2720 806 2807 probata.”
1610 2710 1615 2716 ¹

567 2846 805 2933 Varges
874 2847 938 2931 (l.
1006 2846 1049 2913 1.
1110 2870 1249 2932 pag.
1321 2845 1458 2931 42).
1514 2846 1803 2912 Crassum
1851 2846 2175 2913 tribunum
2224 2847 2468 2933 plebem
2519 2851 2716 2935 legem

471 2971 696 3036 tulisse
766 2971 1108 3051 contendit,
1179 2972 1284 3035 cui
1351 2978 1560 3036 tamen
1629 2974 1932 3058 opinioni,
1996 2996 2193 3058 quum
2258 2974 2433 3038 nullo
2493 2974 2719 3039 idoneo

476 3104 850 3181 argumento
917 3097 1178 3175 nitatur,
1244 3096 1444 3161 multa
1503 3120 1852 3182 repugnare
1915 3098 2225 3163 videntur.
2275 3099 2437 3163 Nam
2490 3106 2564 3163 ut
2608 3099 2723 3164 hoc

479 3202 806 3300 omittam,
862 3221 1030 3306 quod
1093 3228 1309 3286 contra
1362 3224 1592 3307 Varges
1640 3223 1861 3287 attulit
1914 3224 2243 3288 Wuellner
2271 3226 2336 3308 1),
2386 3224 2723 3287 Sammoni-

475 3368 616 3410 cum
688 3345 991 3410 affirmare
1053 3346 1222 3429 leges
1284 3346 1704 3431 sumptuarias
1762 3354 1873 3411 aut
1919 3355 2234 3441 praetores
2280 3354 2390 3412 ant
2436 3346 2721 3412 tribunos

478 3476 590 3534 aut
658 3469 940 3533 consules
1003 3469 1240 3547 tulisse,
1291 3470 1352 3532 in
1404 3470 1829 3555 superioribus
1879 3493 2020 3535 vero
2067 3471 2308 3535 nullam
2355 3494 2390 3533 a
2440 3478 2722 3555 praetore

441 3595 608 3660 'ullo
671 3602 946 3681 rogatam
1003 3618 1154 3673 esse,
1215 3584 1378 3677 (nam
1445 3596 1522 3659 de
1589 3594 1776 3659 Didia
1838 3596 1975 3680 lege
2020 3597 2183 3660 nihil
2229 3600 2513 3679 constat),
2564 3598 2722 3662 duae

474 3728 792 3806 praeterea
839 3727 988 3785 sunt
1038 3742 1277 3801 causae,
1320 3720 1553 3805 quibus
1591 3743 1812 3804 negem
1856 3720 2162 3785 Liciniam
2202 3721 2400 3806 legem
2437 3722 2722 3786 incidisse

474 3847 540 3911 in
603 3869 834 3911 annum
888 3848 1199 3935 643s111,
1243 3869 1366 3931 quo
1415 3869 1576 3912 anno
1622 3846 1950 3912 tribunatu
2002 3846 2257 3913 Crassus
2304 3848 2561 3911 functus
2608 3853 2722 3911 est.

478 3970 651 4051 Quas
719 3993 952 4051 causas,
1023 3994 1212 4055 quum
1288 3972 1353 4036 in
1417 3972 1636 4036 harum
1704 3973 1914 4059 legum
1983 3973 2243 4037 consilio
2289 3973 2417 4036 sint
2463 3973 2720 4058 positae,

547 4244 598 4310 1)
635 4246 708 4294 De
742 4245 923 4293 Laevio
958 4251 1103 4309 poeta
1139 4246 1457 4310 (Menanterii
1500 4246 1654 4311 1830)
1692 4262 1803 4311 pag.
1840 4244 1885 4295 7.
