3350 5250
1595 586 1676 647 39

511 796 703 875 atque
761 794 1134 859 auctoritate
1191 794 1462 880 reliquos
1521 816 1857 881 superasse.
1908 796 2029 861 Sed
2076 796 2165 860 ita
2209 815 2459 881 quoque
2505 762 2739 863 factum

511 924 622 1001 est,
672 926 746 983 ut
792 918 936 983 novi
975 919 1252 985 homines
1288 918 1589 1005 paulatim
1632 902 2009 1007 erepublica
2032 921 2214 1007 plane
2239 920 2741 1003 excluderentur,

510 1034 675 1130 quod
723 1043 792 1110 C.
839 1043 1105 1119 Fabricii
1150 1050 1354 1111 aetate
1396 1046 1584 1131 longe
1628 1047 1809 1113 aliter
1852 1046 2045 1112 fuisse
2090 1069 2277 1134 supra
2324 1046 2614 1115 vidimus.

597 1168 820 1254 Itaque
878 1170 1229 1256 optimates,
1287 1171 1378 1236 rei
1420 1155 1729 1257 ‚publicae
1788 1174 2057 1239 salutem
2104 1198 2141 1237 a
2184 1196 2249 1239 se
2294 1195 2545 1261 prorsus
2595 1198 2739 1261 pen-

503 1294 652 1361 dere
723 1292 1164 1383 intelligentes,
1223 1298 1584 1384 ,superbum
1653 1300 1719 1363 in
1792 1298 1949 1364 alios
2018 1322 2301 1371 exercere
2371 1301 2739 1367 nitebantur·

508 1421 920 1503 dominatum,
985 1424 1074 1487 ita
1142 1431 1218 1489 ut
1276 1426 1355 1489 ad
1417 1446 1757 1511 paucorum
1819 1428 2095 1511 regimen
2162 1427 2354 1513 magis
2420 1428 2745 1513 magisque

509 1549 782 1615 civita-tis
857 1550 1278 1616 conditionem
1355 1558 1815 1638 componerent.
1890 1552 2004 1635 Ex,
2068 1554 2181 1619 hac
2247 1561 2456 1619 autem
2525 1577 2735 1619 rerum

511 1674 868 1740 conditione
929 1651 1234 1759 quantum
1299 1676 1624 1763 superbiae
1669 1686 1735 1743 et
1778 1678 2149 1781 insolentiae
2192 1680 2513 1766 provenire
2560 1680 2740 1745 debe-

507 1808 603 1865 ret
671 1801 765 1866 vel
824 1825 924 1867 me
979 1809 1224 1868 tacente
1287 1804 1723 1889 unusquisque
1750 1804 2120 1891 ‚intelligere
2166 1805 2392 1893 potest.
2435 1804 2737 1893 Exempla

505 1950 645 1993 vero
707 1928 761 1992 si
822 1936 1230 2013 quaeruntur,
1280 1930 1563 2016 inprimis
1607 1932 2141 1996 commemoranda
2186 1932 2453 1996 videtur·
2477 1931 2737 1997 Claudia

513 2052 644 2131 illa,
707 2053 896 2139 Appii
960 2051 1142 2118 Caeci
1201 2053 1350 2132 filia,
1412 2076 1574 2139 quae
1635 2078 1799 2121 anno
1862 2057 2172 2143 608s146‚
2234 2076 2430 2141 quum
2488 2081 2522 2121 e
2569 2058 2738 2122 ludis

504 2179 715 2243 exiens
774 2178 960 2245 turba
1019 2180 1230 2266 populi
1295 2181 1576 2266 undique
1639 2182 2007 2247 confluentis
2064 2182 2554 2267 fluctuantisque
2608 2183 2735 2269 jac·

505 2311 748 2373 taretur
782 2353 854 2391 ¹„
877 2306 1158 2371 utinam”
1225 2306 1436 2391 in'quit
1502 2356 1542 2387 „
1561 2308 1887 2373 reviviscat
1943 2310 2155 2388 frater,
2214 2308 2520 2393 aliamque
2582 2307 2731 2372 clas·
2812 2282 2816 2289 ι

499 2452 629 2497 som
691 2432 758 2497 in
823 2419 1093 2497 siciliam
1133 2433 1351 2498 ducat
1409 2439 1598 2518 atque
1659 2416 1844 2499 istam
1890 2434 2369 2499 multitudinem
2413 2435 2733 2526 perditum

501 2565 637 2641 eat,'
692 2579 852 2642 quae
918 2580 1017 2624 me
1087 2558 1248 2628 male
1309 2580 1480 2624 nunc
1541 2559 1824 2624 miseram
1884 2560 2290 2625 convexavi‘W
2317 2562 2383 2644 1).
2448 2561 2547 2625 Ne
2592 2563 2733 2646 quis

501 2693 714 2750 autem
781 2707 917 2751 rara
986 2684 1136 2750 haec
1203 2687 1482 2773 exempla
1545 2707 1674 2752 esse
1735 2687 1903 2751 dicat
1961 2693 2150 2771 atque
2200 2709 2270 2752 ex
2320 2687 2731 2755 deterioribus

498 2808 804 2876 nobilium
863 2811 1093 2898 petita:
1158 2785 1582 2875 honoratiores
1642 2832 1912 2896 quoque,
1960 2789 2093 2896 qui⁸
2130 2812 2241 2876 diu
2288 2813 2726 2898 rempublicam

495 2943 831 3022 gesserant,
879 2937 1236 3023 optimeque
1284 2936 1374 3002 de*
1407 2959 1479 3002 ea
1524 2937 1731 3002 meriti
1776 2937 2043 3019 fuerant,
2092 2938 2233 3024 plus
2291 2939 2481 3002 semel
2527 2946 2730 3004 osten-

495 3065 748 3144 derunt5
811 3085 998 3148 quam
1068 3064 1244 3150 parvi
1312 3063 1618 3150 populum
1653 3050 1979 3128 'facerent
2052 3061 2245 3129 Velut
2312 3063 2385 3129 Τ.
2451 3063 2727 3130 Manlius

495 3189 864 3274 Torquatus,
905 3191 1037 3275 qui,
1082 3189 1176 3256 bis
1210 3190 1544 3255 consulatu
1571 3190 1847 3268 functus,
1872 3211 2070 3275 quum
2094 3189 2471 3256 acclamante
2496 3192 2727 3276 populo

493 3323 587 3380 ter
631 3315 850 3414 consul
895 3322 1138 3382 crea-tus
1181 3323 1340 3380 esset
1387 3337 1550 3380 auno
1599 3315 1915 3403 543s211,
1960 3315 2055 3380 his
2103 3314 2321 3380 verbis
2341 3317 2557 3402 populi
2581 3338 2725 3402 erga

493 3465 558 3508 se
617 3403 1111 3506 benevolentiam
1175 3440 1502 3527 repudiare
1563 3463 1685 3505 non
1734 3440 2081 3506 dubitavit.
2130 3491 2170 3521 „
2149 3440 2416 3526 Neque
2462 3463 2577 3527 ego
2630 3465 2727 3508 ve·

493 3581 652 3634 stros
699 3590 898 3634 mores
945 3566 1162 3633 consul
1201 3567 1366 3632 ferre
1403 3573 1636 3653 potero,
1663 3588 1865 3652 neque
1890 3566 2346 3653 vosimperium
2372 3569 2622 3631 meum’'
2648 3567 2723 3654 2).

491 3895 654 3930 meren
699 3864 812 3929 vom
855 3879 1114 3944 Regiment
1161 3893 1260 3928 war
1299 3877 1497 3928 freilich
1533 3878 1685 3951 durch
1714 3877 1789 3927 die
1826 3878 2163 3928 Vernaltnisse
2198 3879 2424 3942 geboten.
2460 3879 2564 3928 Seit
2598 3879 2723 3928 Rom

489 3975 566 4023 ein
602 3973 710 4022 rein
743 3971 997 4022 italischer
1029 3972 1168 4020 Stant
1199 3986 1257 4021 zu
1295 3971 1398 4020 sein
1433 3970 1707 4034 ausgehiirt,
1747 3970 1845 4019 und
1882 3970 1961 4019 die
1994 3970 2295 4020 hellenische
2331 3970 2545 4036 Bildung
2579 3972 2727 4037 adop-

488 4061 583 4114 tirt
613 4063 768 4123 hatte,
802 4079 903 4112 war
935 4079 986 4112 es
1020 4061 1159 4112 nicht
1191 4063 1364 4127 langer
1398 4061 1614 4126 m6glich
1651 4061 1795 4111 einen
1833 4061 2033 4110 kleinen
2074 4062 2371 4110 Bauer-amah
2404 4077 2517 4112 vom
2552 4061 2721 4127 Pflnge

488 4168 590 4220 weg
627 4172 690 4204 au
724 4154 803 4204 die
838 4155 1002 4220 spitze
1035 4153 1122 4204 der
1152 4152 1419 4204 Gemeinde
1456 4169 1516 4202 zu
1551 4153 1780 4203 stellen.'’

561 4249 612 4312 1)
648 4247 778 4296 een.
812 4238 876 4298 X.
913 4248 960 4296 e.
995 4247 1042 4327 ²7

555 4339 607 4404 2)
644 4338 754 4390 Liv.
789 4337 968 4398 xxvi,
1003 4337 1081 4388 22.
1121 4339 1164 4386 9.
1201 4335 1278 4388 cf.
1317 4336 1426 4388 val.
1463 4337 1596 4386 Max.
1634 4335 1719 4385 v1.
1754 4338 1805 4386 4.
1842 4336 1887 4384 1.
