3350 5250
1700 576 1783 639 74

606 780 764 847 bras.
829 781 1006 845 Eunt
1065 781 1130 845 in
1195 780 1546 848 consilium.
1595 780 1698 845 Ibi
1745 780 1895 845 haec
1940 777 2173 845 oratio:
2221 778 2374 862 quid
2422 776 2575 842 mihi
2625 776 2860 861 negotii

603 876 701 986 est
741 928 882 969 cum
931 906 1064 969 istis
1107 905 1540 989 nugatoribus,
1589 906 1743 989 quin
1790 906 1999 991 potius
2047 910 2339 989 potamus
2387 902 2662 967 mulsum
2710 902 2858 969 mix·

605 1038 744 1095 tum
793 1032 935 1097 vino
983 1030 1236 1110 GraeeO,
1287 1029 1532 1095 edimus
1577 1031 1836 1097 turdum
1884 1030 2181 1115 pinguem
2222 1027 2580 1111 bonumque
2606 1028 2854 1111 piscem,

604 1156 824 1241 lupum
893 1177 1257 1241 germanum
1319 1155 1430 1239 qui
1474 1155 1641 1219 inter
1687 1154 1843 1219 duos
1889 1159 2111 1240 pontes
2158 1148 2378 1239 captus
2424 1153 2549 1217 fuit
2567 1151 2635 1216 ?”
2690 1152 2859 1234 Haec

607 1280 659 1343 si
748 1286 1108 1363 reputemus
1192 1278 1370 1343 facile
1455 1278 1858 1363 intelligitur,
1932 1278 2082 1363 quid
2158 1278 2308 1343 huic
2375 1277 2501 1363 legi
2566 1266 2858 1347 ferendae

609 1428 817 1469 ansam
884 1404 1150 1469 dederit.
1213 1405 1384 1477 Huic
1445 1412 1653 1467 tamen
1704 1426 1923 1483 causae
1968 1405 2163 1470 altera
2208 1402 2559 1484 accedebat,
2609 1396 2687 1467 de
2732 1426 2858 1487 qua

603 1531 729 1615 jam
773 1528 1110 1594 dicendum
1159 1535 1276 1593 est.

697 1654 944 1719 Etenim
1009 1659 1186 1719 erant
1250 1654 1416 1717 inter
1464 1651 1797 1739 optimates
1842 1644 2153 1717 ambitiosi
2198 1652 2501 1731 homines,
2546 1653 2658 1736 qui
2704 1653 2857 1717 adeo

607 1794 675 1845 ‘se
747 1779 968 1865 opibus
1031 1785 1218 1863 atque
1285 1778 1660 1843 auctoritate
1708 1775 2064 1854 efferebant,
2113 1782 2187 1842 ut
2232 1776 2459 1841 sensim
2506 1777 2573 1843 in
2624 1782 2860 1843 ceteros

611 1904 918 1969 dominari
981 1904 1348 1990 coepissent,
1397 1911 1460 1967 et
1506 1902 1570 1965 id
1616 1904 2025 1988 praecipuum
2076 1900 2394 1980 haberent,
2446 1901 2663 1967 ut'·vel
2710 1924 2853 1966 cum

563 1998 570 2008 ἱ
612 2028 996 2113 reliquorum
1057 2028 1432 2093 detrimento
1495 2048 1670 2091 suam
1720 2028 1938 2110 quavis
1985 2027 2224 2093 ratione
2274 2026 2601 2093 firmarent·
2640 2034 2855 2112 poten-

611 2153 763 2217 tiam
803 2153 874 2237 1).
943 2154 1208 2239 Horum,
1257 2158 1468 2215 autem
1539 2151 1767 2215 studiis
1834 2151 2121 2217 effectum
2182 2159 2294 2229 est,
2360 2158 2433 2216 ut
2480 2131 2728 2236 reliqui,
2776 2154 2853 2218 de

611 2299 722 2342 sua
767 2277 1039 2361 ipsorum
1083 2278 1362 2363 potentia
1409 2276 1576 2341 anxii
1625 2283 1689 2341 et
1736 2283 2107 2356 metuentes,
2157 2278 2328 2342 omni
2374 2278 2616 2345 ratione·
2655 2279 2856 2363 provi-

611 2401 760 2467 dere
829 2409 1222 2482 conarentur,
1292 2375 1629 2487 cinominus
1688 2402 1997 2467 ambitiosi
2061 2403 2160 2468 illi
2223 2404 2299 2467 ad
2347 2404 2631 2489 graviora
2674 2426 2859 2489 appe-

613 2525 804 2621 tenda
861 2527 1367 2591 nanciscerentur
1429 2527 1831 2593 occasionem.
1880 2527 1976 2591 Ex
2025 2528 2161 2607 hoc,
2210 2528 2275 2593 ni
2324 2528 2620 2606 fallimur,
2669 2519 2859 2615 oppo-

613 2652 853 2718 sitionis
883 2732 885 2734 q
918 2653 1128 2718 studio
1197 2651 1472 2738 profecta
1537 2659 1631 2718 est
1691 2653 1791 2718 lex
1854 2653 2140 2718 Cornelia
2189 2653 2418 2720 Baebia
2464 2655 2538 2720 de
2584 2656 2857 2737 ambitu,

616 2798 798 2860 quam
875 2798 1059 2857 annn,
1127 2782 1452 2861 postquam
1524 2776 1793 2841 Orchius
1858 2799 2034 2842 snam
2081 2778 2282 2863 legem
2332 2780 2595 2864 rogavit,
2644 2801 2863 2846 consu-

615 2903 705 2968 les
767 2895 841 2966 ex
903 2902 1276 2966 auctoritate
1339 2907 1588 2966 senatus
1649 2902 1730 2966 ad
1791 2903 2096 2988 populum
2142 2903 2452 2968 tulerunt.
2502 2903 2597 2968 Ex
2641 2904 2857 2975 eodem

615 3008 787 3107 fonte
833 3049 1107 3091 manasse
1151 3033 1306 3112 puto
1352 3027 1825 3112 sumptuariam,
1874 3027 1951 3092 de
1998 3050 2121 3111 qua
2168 3029 2431 3112 agimus,
2478 3029 2755 3114 legem:-

706 3152 891 3233 Quod
953 3174 1078 3236 quo
1136 3147 1381 3238 plenius
1441 3153 1857 3238 intelligatur,
1920 3154 2322 3220 attendamus
2385 3154 2541 3238 quid
2586 3153 2863 3221 Fanniae

615 3278 742 3364 leg'i
801 3278 1219 3343 antecesserit.
1289 3276 1358 3343 O.
1420 3277 1656 3342 Fannio
1717 3285 1782 3342 et
1828 3278 1918 3342 M.
1969 3278 2220 3342 Valerio
2269 3277 2559 3344 Messalla
2602 3280 2866 3344 consuli-

515 3423 518 3426 *
618 3404 736 3470 bus
783 3411 1038 3470 senatus
1083 3403 1442 3468 consultum
1492 3407 1726 3468 factum
1776 3427 1905 3468 esse
1951 3404 2239 3482 vidimuS,
2290 3405 2357 3468 in
2408 3427 2533 3488 quo
2568 3404 2862 3491 juberen-

617 3537 726 3595 tur
793 3528 1223 3614 principes
1291 3528 1675 3593 civitatis
1729 3530 1941 3614 jurare
2004 3529 2170 3615 apud
2219 3530 2504 3614 consules
2551 3532 2865 3617 conceptis

619 3655 822 3722 verbis
883 3679 948 3720 se
1011 3677 1136 3720 non
1189 3657 1448 3741 majores
1493 3655 1558 3718 in
1605 3656 1881 3740 singulas
1928 3679 2111 3720 cenas
2154 3663 2443 3742 sumptus
2488 3679 2621 3722 esse
2667 3658 2863 3722 factu-

621 3804 739 3862 ros,
801 3803 989 3865 quam
1053 3786 1344 3845 centenos
1405 3781 1776 3864 vicenosque
1840 3781 2018 3871 aeris,
2057 3773 2326 3867 'praeter
2370 3782 2509 3846 olus
2551 3791 2615 3846 et
2660 3783 2753 3847 far
2796 3790 2865 3870 et

618 3908 871 3984 vinum3
920 3927 1124 3988 neque
1171 3907 1314 3970 vino
1355 3905 1703 3990 alienigena
1728 3907 1832 3972 sed
1858 3907 2095 3992 patriae
2124 3929 2365 3988 usuros,
2390 3930 2594 3992 neque
2618 3909 2864 3992 argenti

619 4033 687 4097 in
733 4032 1014 4096 convivio
1059 4031 1200 4115 plus
1244 4016 1681 4117 pondo‘quam
1728 4031 1916 4096 libras
1957 4039 2207 4097 centum
2235 4033 2529 4098 illaturos
2548 4035 2620 4118 ἓ).
2649 4033 2863 4114 Quan-

689 4219 742 4284 1)
778 4217 855 4268 cf.
893 4219 1170 4268 Mommsen
1205 4217 1312 4268 lul.
1350 4219 1390 4268 Ι.
1427 4235 1534 4283 pag.
1573 4219 1688 4276 884,
1727 4220 1891 4284 Lange
1925 4219 1958 4268 1.
1997 4219 2030 4269 1.
2067 4220 2135 4270 11.
2170 4235 2277 4286 pag.
2317 4221 2430 4270 242.

689 4310 742 4374 2)
778 4309 906 4366 Gell.
957 4310 1032 4362 Π.
1087 4311 1165 4362 24.
1219 4309 1370 4362 Aliud
1420 4309 1479 4362 de
1521 4311 1614 4364 hoc
1656 4316 1855 4365 senatus
1902 4311 2126 4363 consulto
2154 4311 2395 4380 judicium
2440 4312 2559 4367 feeit
2593 4315 2757 4386 Lange
2793 4314 2863 4372 11,
