3350 5250
1275 1675 1848 1760 CAPUT
1980 1675 2041 1758 Ι.

645 2241 737 2303 De
797 2239 1221 2323 sumptuariis,
1269 2261 1431 2324 quae
1474 2237 1641 2324 apud
1692 2236 2001 2303 Romanos
2052 2238 2323 2323 viguere,
2376 2235 2617 2322 legibus
2663 2234 2793 2300 dis-

553 2372 890 2452 putaturus
949 2386 1144 2448 quum
1209 2365 1567 2450 cogitarem,
1614 2386 1775 2448 quae
1828 2365 2076 2430 tandem
2141 2364 2376 2450 optima
2423 2368 2584 2427 esset
2628 2360 2793 2425 ratio

556 2491 848 2556 materiae
893 2489 1250 2554 tractandae
1298 2498 1361 2554 et
1404 2489 1795 2574 digerendae,
1841 2488 1999 2554 nihil
2049 2512 2243 2574 magis
2266 2485 2563 2553 idoneum
2585 2488 2787 2551 visum

555 2623 668 2697 est,
755 2638 938 2701 quam
1023 2617 1293 2703 primum
1372 2616 1708 2701 inquirere,
1788 2639 1939 2682 num
2010 2639 2135 2701 qua
2203 2616 2268 2681 in
2340 2595 2793 2701 antiquissimis

537 2718 801 2826 ⁸legibus
884 2742 1287 2808 inveniantur
1368 2742 1446 2807 ad
1513 2741 1831 2808 luxuriam
1903 2741 2303 2807 coercendam
2372 2740 2792 2827 pertinentia3

557 2868 780 2933 deinde
813 2890 998 2952 1quae
1032 2838 1384 2933 ‘censorum
1450 2868 1514 2933 in
1592 2868 1707 2933 hac
1775 2890 1841 2933 re
1903 2875 2106 2955 partes
2150 2868 2391 2933 fuerint
2434 2866 2791 2946 ostendere3

558 2967 933 3079 postremum
983 2992 1060 3057 de
1105 2993 1256 3079 ipsis
1303 2992 1542 3078 legibus
1582 2994 1991 3081 sumptuariis
2033 2992 2351 3060 disserere.

649 3118 845 3205 Apud
894 3118 1203 3185 Romanos
1249 3141 1361 3204 pro
1407 3120 1861 3203 antiquissimis
1909 3119 2323 3203 legislationis
2370 3118 2797 3184 monumentis

555 3246 718 3331 leges
766 3245 968 3333 regias·
1009 3244 1253 3309 habitas
1298 3267 1426 3309 esse
1475 3250 1735 3309 constat.
1785 3244 1964 3309 Sitne
2018 3242 2333 3331 probanda
2372 3244 2605 3329 opini0,
2632 3243 2800 3329 leges

562 3371 700 3436 illas
743 3394 780 3436 a
827 3370 1075 3456 regibus
1121 3368 1489 3454 quibusdam
1535 3370 1719 3435 certis
1764 3368 2149 3455 temporibus
2188 3368 2466 3455 proditas
2504 3393 2636 3435 esse
2658 3392 2801 3435 nec-

567 3520 666 3575 ne,
738 3519 862 3562 non
929 3504 1022 3561 est
1088 3496 1277 3583 hujus
1336 3496 1457 3561 loci
1501 3495 1819 3581 disputare
1835 3522 1853 3575 3
1899 3502 2133 3577 tamen,
2184 3517 2262 3559 ne
2308 3494 2460 3580 quid
2507 3496 2799 3561 omittere

569 3622 796 3703 videar,
839 3622 1439 3688 commemorandum
1466 3644 1684 3688 censeo
1707 3621 1959 3687 Rubino
1984 3624 2030 3707 1)
2055 3621 2404 3707 Schwegler
2426 3624 2477 3706 Β)
2507 3620 2721 3719 Lange
2746 3622 2797 3707 3)

567 3748 805 3815 Teuffel
829 3750 878 3834 4)
948 3747 1262 3814 Dirksenii
1309 3749 1566 3834 vestigia
1611 3756 1876 3829 secutos,
1924 3748 2075 3813 haec
2124 3747 2525 3834 praescripta,
2573 3747 2803 3832 quibus

566 3875 777 3961 legum
826 3876 947 3939 vim
992 3873 1322 3960 denegant,
1368 3896 1481 3959 pro
1529 3874 1843 3939 institutis
1889 3872 2113 3939 habere
2162 3895 2238 3939 ex
2282 3874 2423 3960 jure
2472 3880 2804 3938 consuetu-

641 4141 686 4201 1)
724 4138 920 4191 Unters.
955 4138 1077 4189 iiber
1109 4141 1229 4188 riim.
1269 4137 1563 4202 Verfassung
1597 4153 1704 4203 pag.
1740 4137 1839 4187 408
1876 4152 2001 4201 seqq.

639 4233 694 4296 2)
731 4232 870 4281 Rom.
904 4230 1078 4305 Gesch.
1114 4231 1137 4280 1
1169 4246 1277 4295 pag.
1315 4230 1394 4280 25.
1522 4304 1527 4311 ι
1799 4232 1851 4292 3)
1890 4229 1947 4279 R.
1989 4232 2047 4278 A.
2086 4228 2107 4277 1
2145 4244 2253 4294 pag.
2290 4228 2405 4277 314.

642 4326 698 4389 4)
734 4324 872 4375 Rem.
908 4324 1183 4374 Litteratur
1218 4324 1240 4383 ς
1277 4320 1358 4373 70.
2057 4334 2060 4339 ’
