3350 5250
1758 519 1839 578 22

681 727 1094 812 conjecturam
1161 725 1660 804 confirmandam,
1711 724 2137 810 unnsquisque
2197 724 2292 789 vel
2338 725 2526 790 tacite
2573 722 2733 788 mihi
2794 741 2981 785 con-

684 851 880 920 cedet.

773 975 919 1042 Non
966 983 1114 1042 sunt
1159 999 1306 1062 ergo
1351 979 1783 1063 sumptuariae
1820 976 2009 1061 leges,
2057 999 2217 1061 quac
2254 974 2369 1040 sub
2392 973 2639 1040 Numae
2662 971 2979 1038 nomine

685 1103 1228 1170 circumferuntur.
1293 1102 1578 1168 Forsitan
1643 1102 1869 1186 aliquis
1933 1102 2081 1166 mibi
2147 1100 2395 1186 objiciat
2452 1099 2636 1166 verba
2680 1098 2983 1165 Cicero·

686 1229 802 1307 nis,
869 1251 1028 1313 quae
1095 1251 1239 1294 cnm
1315 1229 1430 1292 hac
1492 1228 1787 1314 opinione
1859 1228 2108 1292 minime
2174 1227 2501 1292 videantur
2560 1245 2980 1309 congruere.

686 1353 902 1420 Cicero
963 1354 1126 1418 enim
1189 1344 1543 1433 „sacrorum
1603 1361 1813 1418 autem
1874 1352 2143 1440 ipsorum
2212 1350 2652 1437 diligentiam?
2712 1348 2981 1432 inquit

689 1461 1084 1572 ‚,difficil'em,
1146 1487 1510 1564 apparatum
1574 1477 1929 1566 perfacilem
1995 1499 2125 1542 esse
2192 1477 2393 1541 voluit
2452 1475 2729 1560 (Numa),
2790 1495 2982 1539 nam

691 1627 852 1690 quae
922 1604 1324 1689 perdiscenda
1393 1625 1676 1688 quaeque
1738 1601 2113 1670 observanda
2178 1610 2381 1666 essent
2444 1601 2639 1666 multa
2700 1599 2980 1664 consti·

695 1731 840 1808 tuit,
905 1730 1012 1796 sed
1072 1753 1142 1794 ea
1203 1729 1336 1793 sine
1397 1731 1692 1814 impensa.
1758 1729 1861 1794 Sic
1909 1727 2313 1813 religionibus
2352 1725 2625 1792 colendis
2671 1746 2972 1811 operam

697 1854 959 1934 addidit,
1007 1862 1327 1941 sumptum
1377 1856 1681 1932 removit²{
1704 1855 1774 1938 1).
1824 1853 1945 1918 Sed
1995 1854 2141 1918 haec
2188 1852 2369 1930 nihil,
2418 1853 2469 1916 si
2527 1851 2678 1936 quid
2728 1852 2973 1928 video,

608 2018 615 2025 ·
697 1981 974 2046 efficiunt
1059 1981 1133 2046 ad
1223 1981 1618 2046 minuendam
1704 1987 1949 2045 nostrae
2031 1979 2337 2068 opinionis
2407 1977 2967 2065 probabilitatem,

709 2106 894 2170 modo
939 2106 1096 2172 illud
1148 2106 1335 2191 probe
1383 2114 1693 2184 teneatur,
1744 2104 2121 2184 Ciceronem,
2172 2127 2365 2190 quum
2416 2104 2564 2171 haee
2608 2102 2965 2182 scriberet,

700 2232 764 2296 id
815 2232 1013 2296 solum
1061 2233 1274 2316 egisse,
1325 2239 1398 2300 ut
1442 2231 1812 2311 ostenderet,
1853 2231 2162 2316 quomodo
2212 2230 2357 2296 talis
2394 2228 2499 2298 ,rei
2538 2227 2967 2294 instituenda

698 2365 857 2423 esset
905 2357 1083 2422 ratio.

787 2481 974 2562 Quod
1047 2481 1226 2546 modo
1273 2481 1561 2562 diximus,
1614 2504 1757 2568 prae
1806 2481 2065 2548 rudibus
2110 2503 2179 2546 ac
2224 2478 2609 2566 simplicibus
2655 2478 2959 2542 moribus

697 2601 1026 2673 verisimile
1096 2630 1222 2673 non
1293 2632 1444 2688 esse,
1483 2632 1548 2684 ,a
1617 2606 1869 2692 regibus
1934 2611 2147 2675 contra
2211 2605 2527 2675 luxuriam
2586 2603 2753 2690 leges
2802 2628 2957 2669 esse

698 2734 907 2815 factas,
975 2734 1040 2799 id
1108 2757 1232 2802 non
1303 2734 1507 2801 minus
1569 2732 1787 2800 cadere
1849 2710 2097 2799 videtur
2142 2732 2208 2796 in
2253 2731 2423 2795 illam
2472 2737 2758 2809 aetatem,
2808 2752 2953 2815 qua

701 2859 1061 2955 Decemviri·
1133 2858 1457 2923 duodecim
1521 2858 1881 2927 tabularum
1928 2858 2095 2943 leges
2139 2858 2541 2943 seripserunt.
2590 2854 2675 2919 Et
2722 2862 2947 2921 tamen

703 2991 850 3047 sunt
896 2984 959 3049 in
996 2984 1130 3047 ‚illis
1178 2982 1412 3048 tabulis
1459 2984 1644 3068 legeS,
1696 3005 1849 3069 quas
1894 2983 2421 3071 sumptuariarum
2460 2981 2768 3071 quandam
2798 3004 2951 3069 spe-

701 3108 854 3172 ciem
904 3130 1048 3193 prae
1093 3131 1158 3172 se
1206 3108 1362 3173 ferre
1409 3109 1816 3176 confiteamur
1861 3132 2106 3173 necesse
2151 3117 2262 3174 est.
2309 3106 2543 3171 Verum
2584 3130 2662 3173 ne
2703 3114 2949 3171 temere

703 3241 964 3319 vagetur
1032 3234 1372 3320 disputatio
1442 3239 1677 3313 nostra,
1733 3235 1943 3320 paucis
1990 3235 2279 3320 deinceps
2327 3231 2645 3300 videamur
2690 3232 2765 3298 de
2812 3234 2945 3297 sin·-

703 3359 868 3444 gulis
916 3357 1180 3443 legibus,
1229 3379 1388 3441 quae
1435 3358 1559 3423 huc
1603 3359 1941 3444 pertinent.

791 3504 916 3550 1100
959 3503 1107 3547 PLUS
1151 3502 1234 3547 Nn
1279 3503 1537 3547 norro:
1587 3504 1807 3549 nomm
1854 3504 2037 3549 asela
2082 3504 2164 3549 Nn
2208 3503 2427 3549 POLITO
2452 3485 2519 3565 2).

772 3608 942 3673 Hujus
991 3608 1115 3675 legis
1168 3610 1423 3661 sententia
1473 3610 1739 3673 perspicua
1785 3615 1876 3660 est.
1932 3610 2075 3677 Rogi,
2111 3610 2265 3661 rudes
2300 3609 2424 3659 olim
2456 3609 2717 3675 lignorum
2752 3614 2943 3672 εῖτ-1165,

709 3710 829 3787 rnox
880 3711 936 3759 in
989 3725 1105 3760 arae
1157 3711 1376 3760 formam
1428 3713 1725 3775 constructi,
1770 3712 1989 3763 dolabris
2041 3712 2188 3777 poliri
2234 3726 2293 3762 ac
2326 3712 2562 3776 laevigari
2602 3713 2766 3776 coepti
2800 3717 2943 3768 sunt.

706 3813 852 3872 Quod
901 3815 1094 3864 frustra
1142 3815 1240 3863 hac
1288 3814 1395 3878 lege
1441 3815 1710 3878 prohibere
1760 3816 1927 3865 conati
1970 3820 2095 3865 sunt
2127 3792 2414 3877 decemviri,
2448 3829 2574 3863 nam
2607 3819 2738 3865 teste
2775 3815 2945 3864 Plinio

706 3931 811 3965 non
847 3909 1016 3965 solum
1048 3917 1298 3982 laevigati,
1333 3918 1420 3967 sed
1453 3918 1611 3967 etiam
1646 3918 1769 3981 picti
1801 3918 1908 3983 rogi
1945 3922 2117 3981 postea
2151 3917 2206 3967 in
2241 3932 2340 3967 usu
2376 3922 2539 3967 erant.

775 4068 827 4131 1)
864 4068 936 4115 De
975 4068 1096 4132 Rep.
1132 4068 1184 4117 11
1224 4068 1302 4115 14.
1341 4067 1420 4117 36.

771 4150 825 4222 9)
864 4156 965 4206 Cic.
1010 4156 1070 4205 de
1113 4157 1238 4221 legg.
1275 4157 1325 4206 11
1360 4158 1424 4206 23
1460 4174 1588 4222 seqq.
1624 4158 1682 4208 In
1722 4158 1802 4211 his
1836 4160 2026 4228 legibus
2062 4159 2367 4211 recensendis
2403 4166 2595 4211 secutus
2633 4176 2741 4214 sum
2780 4162 2941 4211 Bruns

706 4248 852 4301 Font.
891 4246 997 4296 Jur.
1035 4248 1174 4313 Rom.
1215 4247 1352 4299 Anti.
1390 4247 1587 4316 (1881).
2714 4252 2721 4261 “
