3350 5250
1784 632 1865 699 66

700 872 860 932 quae
929 847 1049 911 etsi
1118 845 1219 910 cui
1289 846 1448 911 forte
1519 846 1725 909 minus
1788 843 1867 907 ad
1931 842 2319 929 propositum
2380 842 2579 906 faeere
2626 841 2942 917 videntur,

701 980 906 1037 tamen
957 967 1286 1056 pleraeque
1334 990 1542 1035 earum
1585 970 1858 1053 aliquam
1901 992 2043 1033 cum
2085 974 2298 1033 nostro
2322 972 2690 1051 argumento
2716 964 2943 1029 habent

702 1097 1244 1163 necessitudinem.
1310 1096 1522 1177 Quum
1590 1095 1759 1159 enim
1823 1094 1887 1157 in
1934 1093 2125 1179 hujus
2168 1090 2616 1177 disputationis
2661 1091 2940 1176 ingressu

701 1224 914 1308 paucis
981 1223 1416 1307 exposuissem,
1487 1244 1646 1306 quae
1716 1242 1899 1285 causa
1966 1214 2358 1285 nobilitatem
2425 1216 2798 1302 impulisset,
2866 1222 2939 1279 ut

704 1349 926 1413 civium
979 1369 1218 1412 morum
1270 1370 1593 1412 censuram
1641 1336 1917 1431 agerent,
1968 1367 2089 1409 non
2137 1364 2653 1430 supervacaneam
2694 1361 2941 1425 operam

705 1498 800 1538 mc
862 1472 1176 1539 facturum
1241 1474 1429 1547 fuisse
1479 1473 1719 1558 putavi,
1769 1472 1820 1535 si
1867 1470 2289 1535 Romanorum
2338 1468 2619 1554 exemplo
2657 1440 2985 1531 .ostende-'

703 1622 851 1678 rem,
899 1623 1138 1666 morum
1182 1599 1607 1685 integritatem
1640 1604 1886 1662 tantum
1914 1596 2310 1683 optimatium
2338 1594 2751 1687 dominationi
2774 1614 2942 1685 prae-

701 1726 928 1789 sidium
975 1726 1184 1805 fuisse,
1229 1732 1302 1789 ut
1346 1724 1476 1787 illis
1521 1721 1875 1809 vigentibus
1921 1724 2190 1801 floreret,
2225 1722 2415 1806 lapsis
2435 1742 2583 1815 ¹vero
2608 1725 2939 1783 corrueret.

705 1850 994 1915 Vidimus
1063 1851 1248 1916 simul
1318 1851 1463 1915 hnic
1524 1850 1879 1934 integritati
1942 1848 2100 1939 nihil
2164 1847 2358 1931 magis
2412 1846 2694 1911 nocuisse
2757 1863 2940 1928 quam

701 1977 1053 2055 luxuriam3
1104 1996 1383 2041 censores
1437 1982 1666 2054 autem,
1716 1976 1826 2059 qui
1872 1974 2301 2059 intelligerent
2341 1970 2732 2057 singulorum
2778 1968 2943 2036 aber-

611 2102 634 2114 ”“
705 2100 1052 2165 rationibus
1114 2100 1390 2166 omnium
1456 2100 1801 2186 potentiam
1865 2098 2221 2183 periclitari,
2270 2097 2584 2189 luxuriam
2635 2100 2699 2161 et
2745 2094 2943 2159 molli-

703 2205 852 2291 tiem
902 2227 1070 2291 omni
1121 2227 1362 2291 ratione
1408 2226 1825 2310 impugnasse.
1875 2222 2112 2289 Verum
2158 2230 2365 2288 tamen
2404 2224 2533 2309 jam
2580 2222 2667 2286 sic
2712 2213 2943 2306 grassa-

703 2360 946 2415 raverat
1033 2352 1259 2417 malum
1349 2358 1538 2435 atque
1614 2374 1725 2437 per
1792 2351 2035 2415 omnem
2108 2349 2499 2414 nobilitatem
2569 2352 2943 2425 manaverat,

703 2482 1004 2559 tantaque
1091 2476 1371 2559 quotidie
1451 2498 1526 2539 ex
1570 2453 1767 2540 'novis
1835 2475 2071 2540 divitiis
2138 2473 2595 2561 perigrinisque
2663 2470 2939 2536 mori-bus

701 2603 1084 2665 incrementa
1147 2599 1449 2686 capiebat,
1512 2607 1586 2665 ut
1647 2623 1852 2686 neque
1913 2600 2267 2686 principum
2316 2596 2943 2682 virorumexempIO,

703 2749 904 2812 neque
953 2749 1277 2791 censorum
1323 2707 1650 2791 severitate
1700 2726 1999 2791 radicitus
2046 2726 2226 2790 evelli
2272 2731 2497 2811 posset.
2540 2727 2764 2807 Itaque
2808 2745 2946 2787 cen-

703 2874 888 2928 soreS,
933 2859 1268 2936 postquam
1309 2875 1549 2926 morum
1592 2851 1974 2936 integritatis
2013 2851 2394 2935 virtutisque
2432 2872 2678 2915 eausam
2713 2851 2945 2913 frustra

704 2999 814 3062 per
859 2983 1066 3040 notam
1119 2999 1294 3041 suam
1341 3001 1376 3041 a
1415 2977 1757 3042 luxuriosis
1799 2976 2281 3057 vindicaverant,
2324 2981 2397 3040 ut
2438 2997 2546 3060 per
2568 2973 2751 3038 aliam
2777 2973 2950 3037 dein·

705 3122 848 3184 ceps
896 3101 1054 3164 viam
1097 3098 1491 3164 nobilitatem
1531 3101 1608 3164 ad
1650 3100 1873 3164 bonam
1900 3101 2141 3186 frugem
2168 3091 2633 3185 compellerent,
2658 3104 2947 3162 auctores

630 3315 634 3318 .
707 3225 880 3289 fuere
927 3227 1459 3310 sumptuariarum
1505 3227 1717 3310 legum
1765 3225 2180 3291 ferendarum.

798 3351 1074 3415 Boxman
1124 3353 1187 3416 in
1238 3351 1628 3416 recensendis
1667 3351 1912 3436 legibus
1950 3349 2358 3435 sumptuariis
2398 3348 2593 3412 libera
2628 3347 2947 3434 republica

704 3477 867 3550 latis,
916 3477 1166 3542 initium
1215 3477 1361 3540 fecit
1413 3501 1450 3541 a
1494 3477 1632 3561 lege
1682 3476 1927 3570 Metilia
1954 3478 2022 3559 1).
2066 3475 2381 3554 Quidnam
2422 3483 2634 3540 autem
2677 3473 2786 3538 illa
2813 3473 2949 3558 lege

707 3575 1119 3686 praesciptum
1169 3601 1272 3680 sit,
1320 3601 1574 3686 penitus
1621 3601 1894 3686 ignorari
1938 3601 2265 3686 putat-vii·
2292 3599 2753 3677 doctissimus}
2780 3598 2949 3662 inter

706 3725 1120 3808 sumptuarias
1167 3731 1376 3789 tamen
1424 3748 1554 3789 eam
1608 3725 1881 3803 rettulit,
1928 3725 2129 3789 fretus
2176 3724 2311 3788 loco
2354 3723 2566 3804 Plinii,
2614 3700 2724 3808 qui
2748 3745 2944 3807 quum

709 3847 958 3911 modum
1021 3848 1450 3933 poliendarum
1501 3851 1771 3914 vestium
1814 3849 2149 3928 describat,
2199 3848 2290 3912 ait
2334 3846 2616 3912 XXXV.
2667 3849 2772 3912 17.
2828 3849 2949 3912 57:

705 3993 965 4055 „neque
1012 3973 1174 4036 enim
1222 3972 1461 4059 pigebit
1501 3974 1658 4037 hanc
1700 3995 1950 4057 quoque
1989 3979 2227 4059 partem
2268 3973 2597 4057 attingere,
2622 3993 2819 4055 quum
2845 3971 2947 4041 lex

704 4097 945 4161 Metilia
991 4104 1196 4162 exstet
1243 4097 1588 4164 fullonibus
1634 4081 1801 4180 data,
1850 4097 2047 4183 quam'
2080 4097 2151 4164 C.
2200 4097 2567 4178 Flaminius,
2614 4097 2695 4162 L.
2744 4097 2966 4162 Aemi·-

779 4368 832 4432 1)
866 4368 902 4419 l.
938 4368 974 4417 l.
1010 4385 1057 4433 p.
1095 4369 1174 4418 34.
