3350 5250
1555 576 1634 636 69

473 780 732 845 Romam
799 782 1167 846 admoturus
1234 781 1575 847 exercitum
1649 780 2017 850 videbatur”
2058 780 2125 865 1).
2199 780 2439 850 Harum
2510 803 2716 845 rerum

473 907 866 983 adversarum
940 907 1126 991 culpa
1186 906 1618 991 imputabatur
1681 906 1885 992 plebei
1948 905 2314 983 fautoribus,
2363 906 2473 989 q-ui
2520 928 2716 995 quum

471 1032 660 1095 duces
721 1055 785 1096 se
833 1031 1262 1117 praebuissent
1310 1032 1541 1117 populo
1589 1032 1666 1096 ad
1716 1030 2087 1095 Hannibalis
2134 1032 2340 1117 copias
2386 1032 2715 1117 profligan-

471 1158 597 1237 daS,
665 1156 1171 1243 suspiciebantur
1233 1163 1551 1242 tamquam
1601 1134 1807 1242 magni
1834 1156 2151 1221 'videlicet
2196 1157 2310 1221 viri
2359 1164 2423 1227 et
2468 1157 2558 1221 rei
2604 1158 2715 1226 mi-

469 1282 666 1348 lit-aris
726 1283 1104 1369 peritissimi,
1170 1282 1367 1347 veluti
1435 1282 1503 1346 G.
1568 1281 1932 1362 Flaminiu3‚
1998 1280 2067 1345 G.
2116 1281 2445 1347 Terentius
2494 1281 2715 1348 Varro,

468 1409 636 1473 Dum
681 1412 771 1473 sic
819 1409 1214 1474 turbatorum
1263 1410 1518 1474 illorum
1565 1431 1750 1494 opera
1798 1408 2139 1475 vexabatur
2182 1432 2253 1473 ac
2291 1409 2415 1473 fere
2440 1432 2711 1496 pessum-

468 1533 734 1599 dabatur
817 1534 1184 1621 respublica,
1258 1558 1472 1600 rursus
1543 1535 1944 1621 optimatium
2014 1524 2328 1599 crescebat
2396 1535 2711 1619 potentia:

466 1659 578 1723 h'os
638 1660 801 1723 enim
863 1660 1196 1756 sperabant
1257 1682 1332 1725 ex
1394 1660 1739 1726 infortunio
1800 1660 1877 1724 ad
1926 1659 2239 1724 meliorem
2289 1658 2707 1743 conditionem

441 1784 779 1849 ‘civitatem
843 1806 978 1849 esse
1041 1786 1466 1851 traducturos.·
1527 1784 1755 1869 Itaque
1808 1784 2184 1871 reipublicae
2232 1786 2585 1870 procuratio
2633 1786 2710 1849 ad

467 1908 859 1973 nobilitatem
929 1911 1133 1977 rediit.
1209 1909 1420 1996 Hujus
1490 1917 1698 1975 autem
1761 1910 1977 1973 melior
2043 1932 2184 1995 pars
2247 1911 2477 1994 optime
2528 1910 2711 1974 intel-

471 2036 652 2115 lexit„
682 2036 954 2121 ipsorum
1005 2036 1174 2101 vitiis
1219 2036 1453 2126 factum
1495 2059 1643 2116 esse,
1689 2043 1763 2100 ut
1799 2035 2068 2121 populus
2101 2057 2313 2109 eorum
2340 2036 2713 2099 auctoritate

467 2156 672 2244 spreta
752 2150 1127 2224 Flaminium
1197 2166 1452 2224 secutus
1523 2167 1703 2225 esset.
1775 2142 2057 2224 Etenim*
2100 2161 2191 2223 ita
2261 2158 2725 2245 rempublicam·

469 2283 981 2349 administrarant
1043 2291 1118 2348 ut
1175 2286 1504 2370 impotenti
1569 2293 1760 2369 atque
1814 2286 2079 2372 superba
2126 2309 2239 2351 sua
2284 2280 2709 2351 dominatione

461 2408 780 2495 popularis
831 2411 1149 2495 regiminis
1197 2411 1573 2476 desiderium
1624 2411 1980 2509 movissepti
2028 2411 2253 2495 Itaque
2300 2413 2377 2476 de
2416 2413 2706 2481 remediis

463 2520 807 2621 cogitantes
877 2536 1077 2621 legem
1149 2535 1418 2622 Oppiam
1491 2538 1798 2611 tulerunt.
1873 2537 2125 2602 Scilicet
2183 2536 2514 2621 indignum
2578 2558 2707 2601 esse

457 2660 770 2740 videbant,
819 2664 886 2726 in
931 2670 1114 2727 tanta
1161 2663 1370 2753 inopia
1420 2669 1483 2727 et
1532 2662 1773 2727 miseria
1821 2663 2093 2727 civitatis
2133 2663 2422 2727 luxuriae
2464 2662 2706 2730 nobiles

457 2786 700 2851 deditos
761 2811 923 2866 esse,-
954 2775 1148 2872 qu‘um
1217 2767 1426 2873 potius
1473 2788 1727 2853 divitiae
1774 2810 1987 2852 eorum
2032 2790 2098 2852 in
2152 2810 2334 2852 usum
2376 2787 2699 2872 publicum

454 2917 659 2974 essent
705 2911 1054 2976 vertendae.

545 3035 722 3100 Hanc
767 3059 970 3101 veram
1019 3037 1204 3124 hujus
1250 3038 1406 3123 legis
1453 3039 1759 3102 rationem
1810 3060 1960 3118 esse,
2011 3044 2075 3101 et
2120 3038 2196 3101 ad
2240 3038 2431 3102 solam
2479 3036 2703 3102 nobili·
2784 3099 2790 3102 .

455 3167 652 3224 tatem
717 3185 848 3225 eam
912 3157 1244 3248 pertinere,
1309 3165 1450 3248 jure
1513 3162 1779 3246 quodam
1828 3164 2128 3228 affirmare
2172 3161 2349 3227 nobis
2397 3164 2701 3229 videmur.

455 3283 734 3349 Primum
782 3286 946 3350 enim
995 3287 1316 3371 probibuit
1364 3288 1658 3352 mulieres
1705 3285 1781 3351 ab
1828 3310 2041 3352 earum
2094 3309 2299 3351 rerum
2350 3311 2493 3368 usu,
2540 3311 2700 3372 quae

453 3410 530 3474 ad
597 3411 756 3475 solos
824 3411 1047 3476 divites
1111 3413 1446 3496 pertinent.
1513 3412 1757 3476 Deinde
1821 3413 1901 3477 de
1962 3414 2267 3477 sociorum
2330 3413 2699 3478 mulieribus

451 3536 609 3601 nihil
677 3537 1229 3632 sanxit-quarum
1302 3515 1514 3602 tamen
1583 3538 1804 3602 similis
1874 3545 2005 3602 erat
2074 3538 2332 3602 luxuria
2402 3545 2560 3602 teste
2622 3537 2695 3605 L.

454 3659 699 3726 Valerio
766 3662 912 3726 trib.
983 3661 1169 3747 pleb„
1240 3663 1420 3748 cujus
1489 3662 1673 3727 verba
1717 3653 1894 3727 'haec
1962 3671 2113 3728 sunt
2136 3663 2218 3748 2):
2280 3667 2429 3741 „At
2491 3665 2697 3755 hercle

451 3787 756 3850 universis
801 3758 1213 3870 (mulieribus)
1259 3787 1433 3850 dolor
1480 3791 1544 3852 e't
1590 3786 1939 3871 indignatio
1988 3795 2100 3867 est,
2148 3810 2343 3872 quum
2386 3790 2692 3853 sociorum

447 3910 662 4002 Latini
700 3911 968 3976 nominis
1005 3912 1220 3977 vident
1259 3935 1330 3978 ea
1355 3933 1640 3976 concessa
1665 3919 2047 3990 ornamenta,
2074 3935 2232 3996 quae
2257 3913 2375 3978 sibi
2398 3913 2689 3999 adempta

518 4217 566 4283 1)
599 4217 708 4268 Liv.
743 4217 964 4270 xxx1v.
1001 4219 1051 4267 6.

515 4309 566 4372 2)
604 4309 710 4358 mv.
749 4309 966 4359 xxxnr.
1005 4308 1052 4361 7.
1091 4311 1134 4360 5.
