3350 5250
1574 600 1654 663 75

489 808 616 865 tam
685 800 807 865 vim
872 800 949 864 ad
1006 800 1312 866 ambitum
1359 804 1717 888 augendum
1768 802 2104 868 habuerint
2149 804 2363 869 lautae
2406 804 2553 868 illae
2591 827 2737 888 epu-

490 926 607 1005 lae,
657 948 874 1020 per-se
923 926 1072 1023 satis
1117 928 1301 991 credo
1349 929 1746 993 manifestum
1796 935 1927 1007 est3
1976 929 2172 1013 magis
2217 930 2407 995 etiam
2446 931 2565 993 hoe
2602 952 2737 1016 per·

443 1062 452 1070 '
491 1050 776 1136 spicuam
833 1050 969 1129 erit,
1041 1052 1092 1114 si
1141 1051 1341 1135 legem
1395 1052 1654 1117 Antiam
1706 1076 2279 1133 commemoravere,
2318 1077 2443 1138 qua
2482 1061 2735 1119 cautum

493 1182 626 1239 erat
670 1182 802 1253 „ut
847 1176 956 1259 qui
1011 1176 1415 1259 magistratus
1462 1184 1625 1241 esset
1663 1178 2179 1263 magistratumue
2218 1185 2519 1264 capturus
2558 1184 2735 1258 esset,

493 1322 572 1365 ne
617 1322 746 1384 quo
791 1300 868 1363 ad
913 1322 1165 1365 coenam
1215 1299 1339 1365 nisi
1385 1302 1460 1365 ad
1509 1308 1708 1366 certas
1758 1324 2049 1387 personas
2096 1302 2324 1367 itaret'’
2350 1304 2423 1387 1).

582 1425 918 1491 Mirabitur
971 1425 1225 1491 fortasse
1272 1427 1604 1512 quispiam,
1651 1428 1763 1511 qui
1810 1427 2043 1491 factum
2092 1428 2174 1492 sit
2219 1434 2295 1493 ut
2340 1428 2551 1492 statim
2598 1435 2739 1513 post

494 1550 622 1613 hoc'
677 1556 931 1613 senatus
967 1526 1356 1614 ‘consultum
1419 1551 1630 1614 eadem
1682 1549 1787 1615 res'
1824 1551 2053 1616 iterum
2101 1550 2236 1637 lege
2282 1550 2735 1636 prohiberetur.

495 1674 795 1737 Attamen
841 1673 940 1737 lex
991 1675 1238 1764 Fannia
1281 1695 1408 1738 non
1445 1664 1744 1759 primores
1782 1681 2031 1739 tantum
2072 1676 2343 1741 civitatis
2382 1677 2487 1741 sed
2528 1683 2735 1741 totum

493 1798 794 1884 populum
867 1796 1200 1882 obligabat.
1273 1798 1467 1863 Aliud
1532 1820 1681 1883 ergo
1744 1802 1868 1863 fuit
1914 1807 2170 1865 senatus
2216 1801 2512 1881 consulti,
2562 1801 2737 1865 aliud

493 1923 648 2007 legis
710 1929 1188 2007 argumentum3
1219 1975 1226 1984 ,
1252 1922 1492 1987 diversa
1537 1945 1685 2007 ergo
1733 1924 1918 1989 etiam
1968 1911 2298 2009 utriusque
2345 1927 2503 1991 ratio
2548 1934 2739 2012 atque

495 2048 844 2113 consilium.
896 2048 989 2113 De
1037 2048 1112 2111 iis
1157 2057 1366 2113 autem
1409 2049 1536 2133 jam
1587 2049 1874 2134 sequitur
1921 2029 1997 2113 ut
2042 2050 2380 2116 videamus·

583 2176 734 2238 Post
804 2173 1090 2237 victorias
1137 2174 1214 2237 de
1263 2172 1659 2259 Carthagine,
1711 2173 1992 2254 Graecia,
2041 2176 2190 2247 Asia
2238 2183 2583 2261 reportatas
2612 2200 2736 2260 ‘no-

497 2299 649 2371 biles
711 2320 907 2383 quum
971 2299 1305 2383 provinciis
1371 2300 1878 2365 administrandis
1940 2308 2077 2364 tum
2126 2300 2537 2385 vectigalibus
2582 2302 2737 2366 redi-

447 2466 454 2473 ·
499 2425 738 2509 mendis
786 2425 1101 2509 ingentem
1145 2423 1509 2489 divitiarum
1559 2425 1796 2511 copiam
1846 2424 1963 2489 sibi
2012 2429 2418 2511 comparasse
2445 2434 2593 2491 nota
2640 2407 2737 2491 res

495 2556 609 2613 est.
659 2548 874 2613 Plebs
936 2571 1076 2613 vero
1145 2548 1224 2613 ad
1292 2570 1594 2613 summam
1662 2550 1936 2636 inopiam
2008 2557 2141 2615 erat
2211 2523 2478 2629 redacta,
2543 2572 2735 2636 quum

495 2675 876 2760 praesertim,
925 2675 1159 2739 rustica
1206 2674 1378 2759 prole
1421 2674 1652 2759 punico
1699 2674 1862 2740 bello
1908 2674 2181 2740 secundo
2222 2683 2334 2741 sut
2371 2683 2739 2762 consumpta

495 2807 606 2864 aut
692 2800 968 2865 hostium
1036 2800 1548 2887 populationibus
1615 2800 1827 2864 fundis
1896 2801 2135 2886 privata
2206 2823 2473 2886 aereque
2534 2803 2739 2866 alieno

495 2925 738 3005 obruta,
787 2927 986 2992 omnis
1034 2926 1164 3010 agri
1211 2932 1338 2990 tam
1381 2924 1619 3010 publici
1665 2947 1854 3010 quam
1877 2927 2104 3012 privati
2130 2927 2431 3012 possessio
2456 2929 2531 2992 ad
2559 2927 2740 2990 ditio·

494 3241 603 3290 pag.
641 3223 757 3275 291.
793 3225 844 3290 („
861 3223 1092 3273 Offenbar
1127 3239 1210 3273 um
1247 3223 1340 3272 mit
1375 3227 1541 3287 gutem
1575 3223 1819 3288 Beispiele
1848 3223 1939 3272 den
1971 3223 2257 3288 geringeren
2278 3223 2491 3273 Standen
2514 3239 2743 3274 voranzn-

495 3315 724 3380 gehen’').
779 3318 846 3364 At
898 3331 1045 3379 supra
1094 3313 1198 3376 jam
1249 3313 1416 3363 monui
1471 3313 1528 3362 de
1566 3314 1670 3362 vini
1709 3329 1797 3362 usu
1832 3319 1881 3362 et
1915 3313 1973 3361 de
2008 3314 2200 3378 argenti
2235 3314 2375 3388 copia
2412 3314 2561 3378 longe
2597 3314 2743 3364 aliter

495 3425 596 3457 esse
635 3407 974 3466 sentiendum;
1011 3409 1174 3470 itaque
1213 3423 1310 3456 non
1348 3412 1531 3466 metuo,
1569 3423 1630 3456 ne
1665 3407 1815 3456 nimis
1850 3406 2079 3456 audacter
2106 3423 2247 3470 agere
2267 3407 2448 3467 videar,
2468 3407 2507 3456 si
2528 3413 2741 3457 statuam

491 3505 651 3548 totum
696 3499 790 3547 hoc
837 3505 1035 3548 senatus
1068 3499 1350 3547 consultum
1388 3494 1488 3546 n’on
1524 3498 1642 3547 adeo
1682 3499 1851 3563 populi
1888 3515 2036 3562 quam
2076 3497 2231 3563 ipsius
2268 3499 2552 3548 nobilitatis
2585 3501 2744 3563 gratia

417 3594 420 3597 ’
493 3589 678 3638 factum
723 3605 842 3639 esse.
895 3589 1134 3653 Exempla
1167 3595 1330 3638 autem
1365 3605 1421 3638 ex
1458 3589 1624 3639 eadem
1661 3589 1854 3638 ratione
1888 3589 2035 3638 ducta
2070 3590 2110 3638 si
2146 3591 2254 3653 quis
2286 3596 2503 3654 quaerat,
2540 3591 2742 3638 afferam

492 3673 688 3730 senatus
721 3681 1003 3730 consultum
1039 3699 1140 3740 „ne
1175 3682 1348 3730 liceret
1382 3682 1641 3730 Africanos
1675 3682 1807 3730 feros
1839 3683 1888 3730 in
1926 3682 2123 3731 Italiam
2158 3682 2410 3741 advehere,
2458 3682 2585 3746 quod
2611 3698 2743 3758 auno

495 3772 715 3836 584l170
760 3774 890 3837 lege,
919 3773 1114 3822 Aufidia
1164 3773 1476 3838 antiquatum
1523 3778 1610 3824 est.
1649 3773 1835 3823 Eodem
1870 3773 2116 3837 pertinere
2152 3779 2295 3838 puto,
2325 3773 2452 3840 quod
2486 3775 2540 3822 P.
2576 3774 2742 3838 Scipio

493 3864 671 3913 Nasica
699 3880 871 3914 censor
901 3870 1088 3913 statuas
1117 3880 1234 3928 quas
1265 3865 1358 3913 sihi
1397 3865 1598 3928 quisque
1618 3880 1705 3928 per
1723 3864 2043 3914 ambitionem
2062 3866 2112 3914 in
2134 3866 2241 3914 foro
2262 3872 2507 3929 posuerat,
2528 3866 2745 3926 sustulit,

495 3955 636 4021 (Aur.
674 3955 802 4004 Vict.
839 3955 898 4006 (le
933 3955 1024 4004 vir.
1059 3955 1137 4006 ill.
1173 3957 1239 4004 44
1275 3955 1338 4004 cf.
1374 3952 1508 4006 Plin.
1531 3955 1679 4004 84..6.
1705 3954 1787 4019 14)
1810 3963 1877 4013 ‚et
1894 3955 2021 4018 quod
2040 3971 2169 4006 anno
2190 3956 2430 4018 6001154,
2452 3973 2597 4020 quum
2617 3956 2745 4006 aedi·

493 4045 639 4097 ficare
673 4045 860 4117 vellent
907 4045 1156 4094 theatrum
1208 4044 1456 4109 lapideum
1507 4045 1578 4094 M.
1620 4045 1846 4095 Valerius
1894 4046 2125 4095 Messalla
2163 4052 2211 4095 et
2245 4046 2298 4098 C.
2336 4047 2533 4096 Cassius
2566 4048 2746 4112 Longi-

494 4151 588 4187 nus
631 4151 870 4198 censores,
906 4141 1104 4185 auctore
1141 4135 1309 4185 eodem
1341 4135 1564 4200 Scipione
1599 4152 1795 4184 omnem
1833 4142 2121 4201 apparatum
2160 4138 2321 4202 operis
2358 4154 2523 4187 eorum
2560 4139 2747 4202 subjec-

496 4233 600 4277 tum
636 4227 807 4277 hastae
842 4228 1010 4278 venire
1045 4227 1239 4277 senatui
1275 4228 1478 4293 placuit.
1516 4228 1649 4293 (Val.
1688 4228 1818 4280 Max.
1856 4229 1925 4278 11.
1961 4232 2006 4278 4.
2047 4229 2093 4278 2.
2131 4227 2207 4278 cf.
2245 4229 2373 4280 vell.
2409 4229 2451 4280 1.
2488 4230 2590 4294 15).

565 4318 618 4384 1)
657 4319 875 4369 Macrob.
912 4318 1008 4368 111.
1046 4318 1123 4371 17.
