3350 5250
1655 551 1827 614 48.

597 761 998 828 statuendum
1044 784 1176 827 esse
1220 760 1502 843 arbitror,
1553 783 1783 827 errasse
1828 758 2145 827 Valerium
2184 767 2249 825 et
2286 781 2362 825 ex
2400 758 2649 825 duobus
2684 781 2834 824 nar·

597 886 941 953 rationibus
989 908 1177 952 unam
1219 888 1532 953 conflasse.

682 1010 973 1077 Ceterum
1033 1011 1372 1076 tenendum
1437 1019 1534 1076 est
1584 1010 1911 1076 Porcinam
1958 998 2133 1076 illum
2187 1010 2383 1096 legem
2436 1008 2833 1102 tabellariam

597 1138 977 1220 dissuasisse,
999 1162 1185 1224 quam
1228 1137 1476 1203 Cassius
1499 1137 1827 1223 Longinus
1849 1137 2081 1202 tulerat
2108 1159 2271 1202 anno
2299 1137 2611 1223 617f137,
2635 1137 2725 1200 ita
2750 1141 2837 1199 ut

598 1286 635 1328 a
679 1286 822 1329 vero
868 1285 990 1330 non
1037 1263 1364 1329 abhorrere
1405 1263 1689 1328 videatur
1731 1263 2105 1350 conjectura,
2142 1261 2410 1348 privatas
2450 1259 2613 1325 rixas
2638 1260 2835 1347 hujus

596 1394 776 1455 notae
826 1412 1071 1455 causam
1118 1388 1330 1455 fuisse.

1519 1595 1904 1604 ——n———n—

689 1801 787 1868 Ad
841 1801 1150 1866 luxuriam
1201 1799 1597 1864 coercendam
1657 1800 1843 1864 etiam
1892 1798 2201 1885 pertinere
2244 1789 2429 1883 putat
2474 1796 2751 1862 Boxman
2779 1799 2831 1882 1)

601 1926 766 2012 quod
841 1925 912 1990 P.
973 1924 1257 1990 Licinius
1322 1923 1596 2006 Crassus,
1659 1923 1727 1988 C.
1792 1924 2005 1988 Julius
2067 1922 2288 1988 Caesar
2335 1945 2615 1988 censores
2661 1944 2828 1987 anno

605 2052 848 2140 665s89
933 2051 1260 2116 edixerunt
1342 2074 1518 2130 „ne
1571 2051 1756 2135 quis
1832 2049 2099 2114 vinum
2172 2049 2567 2114 Graecum
2628 2046 2835 2112 Ami-

601 2201 994 2263 neumque
1064 2179 1462 2244 venderet
1487 2181 1559 2264 5³).
1646 2178 1725 2242 In
1808 2149 2064 2256 eandem
2134 2139 2510 2242 sententiam
2580 2175 2832 2241 iverunt

601 2303 823 2370 Jarcke
849 2303 924 2390 ⁸),
985 2304 1197 2390 Lange
1225 2306 1273 2390 ⁴)
1339 2304 1685 2369 Mommsen
1714 2307 1784 2389 5).
1848 2304 1983 2369 Etsi
2046 2326 2255 2369 vereor
2314 2304 2529 2389 igitur,
2576 2324 2657 2367 ne
2700 2301 2833 2366 sint

601 2433 710 2516 qui
756 2454 1000 2496 causam
1051 2454 1147 2496 me
1191 2453 1370 2516 agere
1415 2431 1798 2516 desperatam
1840 2397 2195 2516 opinentur,
2222 2437 2429 2495 tamen
2455 2430 2521 2493 in
2548 2429 2825 2494 medium

603 2556 874 2643 proferre
922 2557 1128 2635 liceat,
1175 2579 1335 2641 quae
1384 2557 1534 2622 mihi
1581 2555 1834 2622 illorum
1874 2555 2113 2644 judicio
2137 2577 2487 2642 repugnare
2513 2554 2831 2620 videntur.

689 2682 938 2749 Etenim
1006 2684 1058 2747 si
1126 2705 1404 2749 censores
1471 2684 1548 2749 de
1617 2683 1826 2749 nimiis
1892 2683 2185 2770 impensis
2243 2683 2307 2747 in
2374 2682 2586 2746 vinum
2646 2661 2828 2747 factis

599 2807 875 2888 solliciti,
939 2810 1189 2875 modum
1248 2806 1324 2873 iis
1369 2809 1685 2895 imponere
1730 2808 2137 2891 studuissent,
2188 2820 2312 2874 n‘on
2360 2807 2581 2873 Graeci
2624 2807 2826 2873 solum

603 2935 997 3019 Amineique,
1043 2935 1149 3001 sed
1197 2936 1396 3001 omnis
1441 2935 1568 3000 vini
1616 2958 1797 3001 usum
1847 2935 2168 3021 prohibere
2214 2934 2588 3013 debuerunt,
2630 2918 2823 3020 quum

603 3061 982 3148 praesertim,
1049 3068 1208 3126 teste
1276 3060 1502 3142 Plinio,
1531 3061 1852 3127 «Italicum
1899 3062 2114 3127 vinum
2160 3062 2224 3126 in
2270 3062 2643 3128 auctoritate
2690 3083 2819 3125 esse

595 3186 723 3273 jam
791 3194 1093 3271 coeperat.
1163 3187 1384 3271 Itaque
1451 3187 1538 3252 sic
1604 3194 1835 3268 statue,
1896 3210 2174 3253 censores
2235 3187 2395 3269 illos,
2458 3209 2655 3272 quum
2690 3188 2831 3253 ·hoc

604 3313 876 3379 edictum
924 3321 1360 3400 proponerent,
1405 3337 1528 3379 non
1567 3320 1701 3379 tam
1748 3315 1812 3380 id
1857 3315 2071 3399 egisse,
2120 3324 2194 3380 ut
2242 3315 2367 3380 vini
2418 3288 2829 3400 intemperan-

603 3443 755 3505 tiam
829 3440 1198 3524 minuerent,
1265 3462 1450 3523 quam
1497 3440 1709 3527 potius
1754 3440 1890 3521 hoc,
1939 3448 2013 3506 ut
2058 3464 2282 3506 novam
2330 3440 2614 3506 lucrandi
2667 3440 2825 3507 viam

603 3565 1006 3652 optimatibus
1084 3563 1414 3654 aperiren't.
1499 3565 1819 3633 Praeclare
1886 3568 2048 3632 enim
2088 3567 2597 3645 intellexerunt,
2670 3567 2830 3632 nihil

603 3693 797 3778 magis
851 3716 978 3758 esse
1037 3716 1183 3757 e-re
1227 3693 1498 3773 illorum,
1546 3693 1658 3777 qui
1704 3693 2038 3759 latifundia
2082 3692 2485 3779 possiderent,
2535 3680 2721 3777 quam
2780 3693 2831 3759 si

605 3819 733 3884 vini
800 3818 1007 3885 Italici
1075 3841 1223 3884 usus
1282 3819 1472 3883 latius
1530 3818 1979 3904 divulgaretur.
2043 3817 2229 3899 Quod
2291 3842 2417 3904 quo
2465 3816 2709 3884 facilius
2753 3816 2833 3883 iis

606 3946 982 4031 procederet,
1043 3943 1365 4031 prohibere
1411 3943 1618 4009 conati
1664 3950 1833 4024 sunt,
1879 3944 2215 4029 quominus
2262 3944 2621 4032 pretiosiora
2667 3966 2837 4031 pere-

674 4133 724 4192 l)
761 4132 794 4185 l.
830 4133 865 4183 1.
901 4148 1010 4199 pag.
1048 4134 1128 4185 35.
1524 4134 1574 4195 2)
1611 4132 1741 4185 Plin.
1777 4132 1841 4185 R.
1876 4132 1936 4184 N.
1974 4131 2105 4185 XIV.
2142 4134 2222 4186 14.
2260 4134 2344 4185 94.

673 4224 721 4287 8)
754 4224 788 4277 l.
826 4224 858 4278 1.
895 4241 1003 4290 pag.
1040 4226 1120 4275 39.
1517 4225 1572 4288 4)
1608 4224 1642 4275 l.
1679 4224 1713 4275 1.
1749 4223 1851 4278 ΙΙΙ.
1887 4242 1994 4291 pag.
2033 4226 2153 4277 118.

676 4318 726 4382 5)
764 4316 822 4368 R.
857 4316 903 4365 S.
939 4312 1011 4369 ΙΙ.
1047 4332 1156 4382 pag.
1192 4313 1288 4364 868
1324 4331 1374 4365 n.
1416 4318 1461 4365 5.
