3350 5250
1513 592 1596 655 47

529 870 695 939 Vell.
757 870 998 937 Patere.
1046 872 1139 937 ΙΙ.
1194 874 1293 937 10.
1340 871 1853 957 „Prosequamur
1908 877 2055 937 nota
2100 870 2489 935 severitatem
2535 891 2673 936 cen·
2776 932 2778 935 Α

440 986 647 1064 sorum
699 997 891 1063 Cassii
940 997 1212 1084 Longini
1264 998 1735 1085 Caepionisque,
1786 998 1898 1082 qui
1944 996 2171 1062 abhinc
2218 1018 2413 1061 annos
2459 994 2673 1059 CLIII

438 1122 746 1211 Lepidum
803 1124 1144 1218 Aemilium
1205 1147 1525 1214 augurem,
1589 1124 1757 1210 quod
1806 1128 1899 1216 VJ
1946 1124 2194 1194 milibus
2241 1094 2323 1190 H.
2370 1124 2431 1190 S.
2481 1123 2662 1187 aedes

438 1250 852 1330 conduxisset,
899 1249 1110 1315 adesse
1152 1252 1546 1335 jusserunt.'’

530 1376 626 1441 De
695 1375 968 1441 Aemilio
1033 1375 1271 1462 Lepido
1341 1378 1479 1441 vide
1539 1374 1666 1441 Cic.
1716 1375 1894 1441 Brut.
1939 1358 2001 1440 c(
2036 1380 2117 1439 25
2172 1378 2320 1454 „M.
2366 1374 2675 1440 Aemilius

440 1500 735 1589 Lepidus,
805 1504 915 1587 qui
1001 1509 1094 1567 est
1162 1501 1422 1567 Porcina
1492 1503 1723 1581 dictus,
1794 1502 2013 1567 iisdem
2061 1497 2455 1588 ‚temporibus
2507 1484 2707 1581 'feres

439 1628 668 1713 quibus
724 1627 943 1709 Galba5
1001 1629 1106 1693 sed
1161 1628 1372 1714 paullo
1419 1630 1619 1694 minor
1669 1610 1844 1708 natu,
1896 1633 1959 1693 et
2005 1650 2285 1693 summus
2332 1636 2539 1694 orator
2585 1634 2679 1693 est

442 1754 693 1821 habitus
737 1764 801 1820 et
845 1756 987 1836 fuit,
1035 1762 1110 1821 ut
1153 1763 1407 1842 apparet
1454 1778 1530 1821 ex
1569 1755 1972 1835 orationibus,
1999 1756 2263 1841 scriptor
2284 1777 2429 1819 saue
2456 1752 2687 1837 bonu-S,

443 1880 580 1946 Hoc
624 1882 693 1947 in
751 1887 991 1947 oratore
1037 1880 1264 1947 Latino
1309 1882 1578 1968 primum
1631 1880 1783 1946 mihi
1834 1880 2079 1947 videtur
2118 1864 2188 1946 ‘et
2233 1880 2451 1947 levitas
2498 1900 2681 1966 appa-

443 2006 639 2072 ruisse
681 2006 790 2071 illa
827 2006 1225 2103 Graecorum?
1269 2012 1334 2071 et
1372 2005 1697 2072 verborum
1737 2007 2197 2093 comprehensio
2222 2013 2285 2071 et
2302 2008 2428 2092 jam
2456 2004 2677 2069 artifex

350 2159 354 2163 ’
443 2139 516 2203 ut
557 2134 648 2198 ita
691 2132 918 2213 dicam,
939 2132 1122 2198 stilus
1163 2130 1278 2217 (Cf.
1322 2132 1399 2197 de
1439 2132 1616 2198 Orat.
1641 2134 1693 2197 Ι.
1722 2134 1827 2197 40.
1857 2132 1972 2212 103
1998 2131 2074 2194 ad
2102 2130 2379 2198 Herenn.
2404 2130 2524 2195 IV.
2554 2132 2678 2215 5).”

534 2262 723 2325 Anno
787 2226 1090 2337 617s137'
1141 2258 1474 2345 proconsul
1539 2259 1606 2323 in
1653 2257 1959 2345 Hispania
2014 2256 2347 2323 infeliciter
2388 2246 2681 2323 adversus

449 2387 768 2451 Vaccaeos
813 2378 942 2450 rem
989 2385 1180 2469 gessit
1225 2390 1290 2449 et
1334 2384 1501 2471 apud
1549 2382 1962 2449 Numantiam
2009 2384 2376 2469 profligatus
2422 2391 2535 2449 est.
2584 2382 2678 2448 Cf.

447 2510 582 2577 Liv.
652 2511 821 2597 Epit.
891 2514 1009 2589 563
1083 2515 1244 2597 App.
1310 2508 1406 2575 Ib.
1475 2512 1758 2588 80—82,
1822 2511 1930 2595 qui
1994 2508 2209 2596 paullo
2254 2516 2395 2595 post
2443 2510 2520 2593 (c.
2570 2512 2677 2594 83)

449 2638 809 2718 ,,“Ρωμαῒσι”
871 2639 1080 2722 inquit
1140 2687 1181 2712 ‚‚
1201 2637 1254 2701 δ’
1317 2635 1479 2701 αὐτὰ
1541 2636 1842 2715 πυθόμενοι
1886 2637 1983 2701 τὸν
2029 2636 2139 2714 μὲν
2184 2635 2457 2715 Αἰμίλιον
2500 2635 2677 2718 παρέ·

448 2778 635 2830 λυσαν
700 2771 808 2839 τῆς
875 2763 1239 2846 στρατηγίαις
1300 2785 1367 2826 τε
1423 2760 1543 2826 καὶ.
1590 2762 1897 2836 ὑπατείας·
1942 2761 2045 2826 καὶ
2091 2761 2317 2837 ἰδιώτης
2361 2763 2421 2836 ἒς
2466 2761 2678 2852 Ρώμην

449 2884 806 2972 ὖπέττρεφεῦ
848 2887 948 2954 καὶ
993 2887 1301 2974 χρήμαᾳιν
1346 2886 1797 2968 ἑπεζημιοῢτσ.’·’

544 3014 755 3096 Quum
819 3016 902 3080 sit
973 3015 1137 3100 apud
1187 3011 1324 3078 Val.
1371 3011 1540 3078 Max.
1589 3011 1766 3080 Vns.
1831 3017 1888 3078 1.
1936 3013 2140 3086 damn.
2196 3015 2231 3078 7
2266 3013 2681 3094 „Admodum

449 3163 692 3207 severae
759 3147 942 3205 notae
998 3146 1062 3204 et
1112 3138 1273 3203 illud
1321 3139 1543 3225 populi
1583 3137 1913 3225 judicium,
1961 3161 2155 3222 quum
2204 3139 2293 3204 M.
2343 3138 2683 3204 Aemilium

452 3266 802 3344 Porcinam,
880 3288 916 3330 a
990 3262 1067 3330 vLL
1138 3264 1349 3330 Cassio
1417 3271 1771 3330 accusatum
1843 3264 2103 3330 crimine
2168 3265 2353 3335 nimis
2419 3265 2688 3332 sublime

451 3369 801 3458 exstructae
854 3392 1033 3457 villae
1083 3393 1149 3456 in
1205 3392 1436 3456 Aliensi
1476 3413 1646 3477 agro,
1694 3391 1866 3477 gravi
1916 3390 2115 3456 multa
2156 3392 2444 3472 adfecit'’,
2470 3393 2685 3460 eodem

445 3519 682 3604 judicio
741 3518 1064 3584 Porcinam
1137 3525 1201 3584 et
1256 3517 1337 3584 ob·
1407 3541 1534 3586 rem
1602 3517 1763 3584 male
1824 3525 2056 3604 gestam
2118 3526 2181 3584 et
2240 3492 2319 3586 ob
2363 3520 2547 3587 nimis
2590 3542 2688 3585 su·

447 3643 634 3710 blime
675 3651 1053 3712 exstructam
1101 3644 1307 3710 villam
1333 3639 1697 3712 dam'natum
1726 3669 1858 3710 esse
1884 3645 2237 3733 suspicatus
2260 3651 2352 3710 est
2375 3644 2586 3732 Lange
2612 3647 2686 3744 ¹).

451 3769 570 3835 eui
630 3772 916 3856 equidem
982 3771 1271 3837 assentiri
1335 3793 1459 3837 non
1520 3791 1792 3858 possum,
1864 3793 2005 3838 nam
2077 3778 2150 3836 ut
2196 3771 2689 3858 praetermittam

447 3898 761 3964 insolitam
820 3897 993 3963 illam
1051 3897 1344 3964 luxuriae
1408 3918 1550 3962 cum
1611 3918 1681 3963 re
1727 3897 1890 3962 male
1939 3903 2113 3982 gesta
2160 3897 2679 3984 conjunctionem,

449 4023 732 4090 luxuriae
799 4024 1034 4090 crimen
1104 4024 1170 4088 in
1242 4023 1456 4111 populi
1513 4021 1755 4109 judicio
1820 4027 2131 4089 versatum
2194 4045 2323 4089 esse
2372 4043 2681 4108 nusquam

449 4149 618 4231 alibi,
689 4149 856 4234 quod
931 4149 1082 4231 scio,
1140 4149 1482 4248 invenitur.
1527 4148 1756 4234 Itaque
1802 4171 1944 4214 cum
1994 4148 2218 4216 Jarcke
2245 4152 2291 4235 ⁹)
2339 4117 2549 4236 potius
2596 4150 2684 4218 sic

519 4362 566 4426 1)
601 4361 636 4413 1.
673 4361 708 4414 1.
741 4377 850 4428 pag.
891 4361 981 4411 551
1027 4359 1104 4410 cf.
1141 4358 1228 4413 111
1262 4375 1371 4425 pag.
1413 4360 1494 4410 28.
1855 4359 1906 4423 2)
1942 4359 1977 4412 1.
2016 4359 2050 4411 1.
2085 4375 2192 4425 pag.
2230 4357 2313 4413 87.
