3350 5250
1622 604 1658 664 5

523 812 788 896 quisque
814 810 1290 875 Atheniensium
1313 817 1544 896 ageret,
1581 816 1694 876 aut
1719 833 1991 896 quonam
2014 818 2277 895 quaestu
2306 818 2765 877 sustentaretur
2807 862 2813 871 .

524 936 1003 1022 diligentissime
1072 937 1388 1021 inquirere
1457 935 1736 1011 solebat”
1762 934 1832 1021 ¹).
1880 938 2021 1001 Hoc
2064 936 2453 1022 propositum
2500 959 2624 1019 qua
2671 937 2767 1001 via

473 1056 476 1061 ’
523 1072 611 1129 ac‘
636 1063 875 1129 ratione
917 1063 1159 1148 assequi
1194 1063 1401 1127 conati
1438 1062 1568 1127 sint
1607 1063 1735 1149 jam
1794 1085 1917 1126 uno
1957 1060 2230 1127 alterove
2272 1062 2551 1150 exemplo
2590 1063 2765 1127 illus·

520 1197 776 1254 tremus.
820 1190 1057 1253 Auctor
1088 1196 1183 1253 est
1222 1188 1587 1253 Athenaeus
1612 1191 1660 1273 9)
1707 1188 2000 1274 prodigos
2046 1187 2124 1252 ab
2171 1188 2564 1275 Areopagitis
2599 1190 2677 1254 ad
2702 1214 2766 1254 se

519 1324 767 1381 vocatos
791 1339 954 1395 esse3
999 1314 1388 1380 Demetrium
1413 1315 1743 1399 quendam,
1772 1317 1882 1399 qui
1908 1314 2220 1379 luxusiose
2248 1315 2500 1395 viveret,
2520 1316 2762 1401 jussum

523 1466 654 1508 esse
681 1443 868 1506 vitam
896 1441 1118 1507 melius
1141 1442 1472 1506 instituere
1486 1470 1506 1521 3
1548 1440 1990 1507 Menedemum
2017 1446 2082 1505 et
2110 1440 2537 1527 Asclepiadem
2565 1441 2765 1527 philo·

521 1568 740 1655 sophos
785 1574 974 1661 atque
1014 1569 1276 1655 juvenes
1323 1574 1386 1632 et
1430 1568 1644 1655 inopes
1690 1540 2100 1659 interrogatos
2148 1590 2297 1647 esse,
2350 1568 2516 1633 unde
2574 1569 2761 1634 vitam

523 1700 962 1773 sustentarent,
1007 1715 1203 1778 quum
1231 1692 1512 1777 quotidie
1535 1694 1599 1758 in
1625 1693 2052 1787 philosophiae
2090 1667 2314 1757 studiis
2338 1700 2587 1780 tempus
2612 1702 2767 1759 tere-

521 1828 679 1886 rent.
728 1820 876 1885 Huc
911 1821 1099 1886 etiam
1137 1823 1408 1921 pertinet
1448 1820 1715 1902 ἧγραφῆ
1740 1820 1952 1903 ἀργίας
1975 1828 2165 1905 atque
2189 1826 2291 1886 τοῦ
2316 1820 2765 1895 κατεδηδοκέναι

455 1926 479 1953 ⁶
524 1946 606 2012 τὰ
647 1950 908 2029 πατρῷοι.
952 1945 1171 2011 Totius
1207 1947 1404 2031 igitur
1436 1947 1654 2033 populi
1681 1947 1881 2011 virtus
1904 1946 2361 2030 quodammodo
2386 1948 2450 2011 in
2477 1946 2591 2011 hoc
2614 1969 2757 2012 con-

528 2073 671 2139 silio
719 2050 1128 2153 consistebat,
1210 2079 1398 2157 atque
1448 2071 1525 2136 ab
1586 2072 1721 2159 ejus
1774 2072 2012 2159 judicio
2074 2072 2405 2158 pendebat,
2452 2095 2577 2157 quo
2624 2074 2766 2158 quis

524 2200 592 2264 in
663 2199 915 2263 civitate
984 2199 1140 2276 loco,
1212 2221 1336 2311 quo
1398 2198 1649 2287 honore,
1715 2220 1839 2283 qua
1898 2199 2065 2284 apud
2115 2205 2349 2264 ceteros
2394 2199 2489 2263 civ
2493 2223 2557 2265 es
2603 2207 2764 2264 esset

530 2324 1004 2421 existimatione,
1045 2325 1134 2388 ita
1183 2330 1256 2388 ut
1289 2325 1429 2410 jure
1474 2312 1705 2389 dixisse
1752 2324 2035 2389 videatur
2077 2324 2338 2390 Curtius
2382 2325 2526 2402 „im
2573 2326 2763 2389 Areo-

526 2472 722 2536 pagus
765 2472 888 2515 war
936 2451 1044 2515 das
1093 2450 1405 2515 Gewissen
1445 2450 1557 2515 der
1603 2448 1753 2514 Stad
1801 2448 2194 2535 verkorpert3
2244 2473 2309 2515 er
2334 2472 2454 2514 war
2479 2450 2589 2515 der
2613 2449 2763 2515 Ver·

521 2582 714 2643 treter
758 2576 912 2642 aller
959 2577 1418 2642 conservativen
1467 2574 1860 2642 Interessen”
1884 2577 1957 2662 3).

613 2704 791 2787 Quae
836 2726 1033 2788 quum
1078 2704 1167 2767 ita
1214 2704 1364 2785 sint,
1412 2703 1685 2789 profecto
1732 2703 1959 2786 mirum
2003 2725 2130 2767 non
2178 2709 2273 2767 est
2316 2702 2476 2768 hanc
2517 2726 2757 2768 morum

525 2851 871 2912 censuram,
919 2831 985 2895 in
1031 2830 1320 2917 populari
1369 2831 1724 2916 praesertim
1775 2829 2096 2914 regimine,
2144 2850 2267 2894 non
2317 2828 2427 2894 diu
2465 2831 2758 2895 mansisse
2850 2896 2856 2902 ,

521 2959 851 3043 integram.
922 2957 1189 3043 Egregie
1231 2957 1533 3022 nimirum
1580 2955 1739 3022 vidit
1785 2955 2059 3021 Pericles
2101 2955 2215 3020 hoc
2263 2978 2438 3020 verae
2483 2954 2760 3021 domina·

523 3084 712 3149 tionis
779 3083 1096 3170 popularis
1164 3106 1293 3148 esse
1350 3083 1693 3169 proprium,
1762 3089 1838 3146 ut
1899 3104 2045 3147 suos
2092 3082 2317 3166 cuique
2364 3081 2483 3146 sibi
2527 3056 2783 3167 fingere·

513 3206 724 3275 'mores
763 3209 996 3290 liceret,
1036 3230 1443 3292 normamque
1481 3207 1802 3287 conficere,
1826 3205 1904 3272 ad
1930 3229 2117 3291 quam
2142 3207 2367 3292 agendi
2390 3207 2759 3291 vivendique

521 3335 680 3400 ratio
749 3334 1146 3420 dirigeretur.
1217 3336 1442 3418 Itaque
1514 3334 1825 3420 Areopagi
1885 3338 2256 3418 potestatem
2303 3333 2471 3397 omni
2518 3334 2758 3397 ratione

476 3429 482 3435 .
522 3461 858 3548 infringere
904 3461 1243 3548 nitebatur.
1292 3459 1516 3525 Postea
1562 3483 1727 3538 vere,
1776 3482 1973 3544 quum
2013 3458 2355 3525 Cassander
2380 3458 2756 3546 reipublicae

521 3587 1034 3672 gubernationem
1089 3587 1324 3673 populo
1370 3587 1701 3652 ademisset
1746 3609 1817 3650 ac
1864 3586 2185 3649 Demetrio
2234 3584 2555 3664 PhalereO,
2606 3586 2760 3671 opti-

521 3713 783 3780 matium
851 3706 1069 3778 causae
1113 3712 1385 3793 -fautori,
1453 3711 1832 3798 reipublicae
1894 3711 2273 3776 ordinandae
2331 3732 2542 3775 curam
2590 3733 2756 3774 man-

525 3840 746 3921 dasset,
793 3839 901 3904 ille
944 3840 1339 3924 Areopagum
1386 3839 1450 3902 in
1500 3838 1807 3922 integram
1834 3837 2138 3916 restituit,
2164 3851 2433 3920 eumque
2462 3859 2583 3900 una
2610 3859 2752 3900 cum

525 3965 1012 4052 Gynaeconomis
1057 3985 1297 4051 morum
1344 3986 1638 4030 censurae
1683 3963 2000 4049 praefecit.

593 4180 643 4247 1)
675 4180 742 4231 11.
781 4181 827 4230 6.
862 4182 911 4228 4.

589 4271 647 4340 2)
680 4271 770 4321 IV.
804 4285 916 4336 pag.
951 4269 1016 4318 ⁶4
1050 4273 1100 4318 et
1135 4269 1216 4319 65.

593 4365 645 4429 3)
682 4361 876 4413 Griech.
913 4360 1086 4411 Gesch.
1125 4367 1242 4411 tom.
1279 4360 1304 4410 I
1340 4375 1449 4426 pag.
1486 4358 1599 4410 326.
