3350 5250
1610 605 1691 665 59

426 870 430 873 ,
514 815 621 859 tem
673 808 1115 872 interpretaretur.
1167 808 1347 859 Obiter
1391 810 1549 861 etiam
1600 810 1918 860 monendum
1952 813 2054 871 est,
2101 812 2297 878 veteres
2344 807 2397 857 in
2446 807 2609 857 nimia
2646 806 2762 856 auri

517 928 879 977 purpuraeque
924 912 1242 962 affectatione
1285 914 1561 964 meretricii
1607 914 1865 978 quoddam
1912 912 2112 962 vidisse.
2146 911 2221 961 Cf.
2257 912 2424 961 Plaut.
2459 910 2672 960 Mostell.
2712 911 2753 959 Ι.

515 1012 566 1065 3.
600 1013 714 1078 128,
749 1012 874 1077 1303
913 1014 1125 1064 Paenul.
1160 1014 1200 1063 1.
1233 1013 1283 1064 2.
1318 1012 1399 1078 93,
1435 1013 1529 1078 94;
1565 1015 1715 1067 Cure.
1753 1016 1818 1066 11.
1855 1013 1903 1065 3.
1938 1012 2021 1064 69.

583 1105 799 1168 Jimctis‘
819 1098 1068 1167 vehiculis
1100 1123 1342 1181 carpenta
1377 1122 1430 1168 et
1463 1118 1656 1182 pilenta
1699 1118 1992 1183 significari,
2027 1124 2237 1182 apparet
2274 1133 2337 1168 ex
2370 1118 2539 1168 verbis
2560 1114 2767 1168 Catonis

520 1222 650 1286 (Liv.
685 1221 719 1271 1.
753 1221 788 1269 l.
823 1235 866 1270 c.
900 1218 946 1270 3.
984 1218 1086 1285 9.):
1126 1258 1154 1286 „
1170 1225 1231 1269 ut
1265 1222 1521 1285 carpentis
1553 1221 1697 1270 festis
1731 1221 2069 1285 profestisque
2103 1221 2283 1271 diebus
2317 1236 2408 1284 per
2443 1220 2627 1270 urbem
2649 1235 2766 1269 vec-

521 1321 748 1372 tamur.”
789 1322 972 1386 Neque
1021 1323 1388 1387 ambigendum
1435 1327 1528 1386 est,
1576 1323 1707 1386 quin
1736 1323 1933 1372 nobiles
1966 1326 2175 1372 tantum
2209 1322 2431 1372 feminae
2464 1322 2766 1385 hujusmodi

521 1426 770 1477 vehiculis
827 1430 1115 1476 uterentur.
1171 1426 1466 1475 Audiamus
1517 1426 1667 1475 modo
1720 1426 1827 1475 Liv.
1884 1426 1944 1475 V.
1989 1425 2071 1475 25.
2128 1424 2187 1475 9:
2241 1430 2427 1493 „grata
2472 1441 2532 1476 ea
2578 1441 2661 1475 res
2707 1430 2769 1476 ut

521 1544 652 1594 quae
703 1524 929 1579 maxime
980 1530 1182 1595 senatui
1234 1542 1491 1592 umquam
1540 1530 1664 1591 fuit3
1715 1529 2069 1593 honoremque
2104 1529 2167 1601 ob
2200 1544 2315 1579 eam
2351 1528 2767 1580 munificentiam

521 1634 696 1683 ferunt
742 1633 994 1682 matronis
1041 1632 1298 1694 habitum,
1345 1636 1416 1681 ut
1462 1632 1732 1695 pilento
1764 1632 1838 1681 ad
1876 1646 2062 1681 sacra
2095 1633 2453 1696 ludosque,
2490 1647 2766 1696 carpen-

523 1734 614 1784 tis
661 1735 836 1784 festo
884 1734 1322 1797 profestoque
1357 1732 1775 1783 uterentur.'’
1811 1734 1870 1784 In
1906 1748 2011 1797 qua
2046 1749 2102 1783 re
2136 1734 2284 1797 nihil,
2318 1735 2514 1798 opinor,
2550 1734 2764 1798 praemii

523 1837 651 1887 foret
687 1838 729 1886 si
765 1838 1080 1901 pilentorum
1115 1840 1208 1885 aut
1239 1839 1606 1899 carpentorum
1640 1850 1770 1885 usus
1799 1836 2123 1900 promiscuus
2149 1837 2345 1886 fuisset.
2364 1835 2583 1900 Oppiam
2602 1837 2767 1901 legem

523 1940 684 1989 etiam
730 1939 1042 1989 intellexisse
1096 1939 1300 1989 videtur
1346 1938 1657 1988 Plutarchus
1691 1937 1897 1997 Quaest.
1933 1938 2083 1988 Rom.
2118 1938 2247 1988 LVI.
2282 1976 2310 1995 „
2324 1938 2531 2000 λέγεται
2568 1940 2661 2000 γάρ
2696 1956 2771 1995 τις

526 2040 686 2104 λαγός,
724 2042 783 2098 ὡς
824 2040 1124 2099 ἐκωλύθησαν
1161 2040 1251 2090 ὑπὸ
1287 2044 1373 2098 τῆς
1403 2045 1581 2103 βουλῆς
1608 2042 1666 2091 αἱ
1690 2046 1911 2103 γυναῖκες
1946 2039 2070 2102 ὀχῆ
2082 2060 2239 2101 μασι
2273 2041 2550 2101 χρῆσθαι
2590 2042 2769 2106 ζευκ-

526 2148 691 2203 τοῖς,
741 2144 982 2195 συνέθεντο
1029 2144 1272 2201 ἀλλήλαις
1307 2146 1375 2205 μὴ
1412 2144 1701 2203 κυῖϋκεσθαι,
1736 2143 1861 2206 μηδὲ
1895 2146 2089 2203 τίκτειν,
2124 2145 2413 2205 ἀμυνόμεναι
2448 2147 2559 2201 τοὺς
2588 2132 2771 2205 ἅνδρας,

530 2248 670 2309 ἄχρις·
705 2242 760 2297 οὗ
795 2247 1110 2309 μὲτέγνωσαν
1146 2247 1230 2295 καὶ
1265 2249 1600 2309 συνεχώρησαν
1635 2247 1859 2305 αὖτοιῖς.”

594 2353 740 2403 Hanc
790 2353 955 2418 legem
1006 2367 1114 2402 non
1165 2352 1238 2401 ita
1289 2352 1440 2402 anxie
1475 2354 1797 2403 observatam
1830 2367 1955 2414 esse,
1989 2358 2198 2416 apparet
2231 2366 2295 2402 ex
2328 2353 2572 2415 oratione,
2607 2366 2769 2416 quam

527 2472 665 2507 anno
701 2453 925 2520 545s210
962 2455 1217 2505 Laevinus
1249 2456 1429 2509 consul
1464 2456 1518 2504 in
1554 2460 1739 2505 senatu
1755 2455 1954 2505 habuit.
1976 2455 2082 2505 Liv.
2102 2456 2287 2505 XXVI.
2304 2452 2397 2504 36:
2432 2470 2710 2522 „aurum..
2730 2494 2771 2505 ..

527 2566 786 2610 senatores
835 2560 890 2609 in
943 2559 1209 2625 publicum
1257 2559 1582 2611 conferamus
1633 2560 1707 2609 ita
1751 2564 1844 2609 ut.
1863 2595 1874 2606 .
1900 2595 1911 2608 .
1933 2596 1945 2608 .
1992 2558 2185 2623 quibus
2230 2574 2359 2609 uxor
2395 2557 2591 2609 filiaeve
2630 2564 2771 2621 sunt,

528 2665 836 2732 singulas
871 2665 1104 2718 uncias
1138 2664 1305 2730 pondo
1335 2664 1448 2714 auri
1484 2662 1832 2727 relinquant.”
1868 2663 1965 2728 (Cf.
2003 2662 2214 2713 Orosius
2249 2663 2336 2712 IV.
2380 2662 2478 2726 17).

1439 2872 1561 2917 LEX
1605 2873 1867 2918 oRcmA.
1898 2873 1911 2880 '

623 3017 984 3084 Macrobius
1029 3017 1071 3081 l.
1120 3017 1163 3081 l.
1214 3018 1248 3101 ξ
1295 3018 1382 3080 22-
1414 3013 1667 3095 „Prima
1706 3021 1917 3079 autem
1953 3015 2229 3079 omnium
2270 3017 2348 3080 dc
2373 3013 2541 3080 cenis
2566 3014 2665 3079 lex
2694 3013 2770 3077 ad

531 3143 835 3229 populum
884 3142 1116 3210 Orchia
1162 3141 1446 3227 pervenit
1472 3191 1487 3206 .
1518 3192 1532 3208 .
1561 3190 1576 3206 .
1605 3189 1621 3206 .
1670 3142 1851 3226 cujus
1898 3140 2100 3218 verba,
2148 3142 2297 3225 quia
2342 3147 2495 3206 sunt
2540 3140 2775 3226 prolixa

533 3275 886 3356 praetere03
944 3290 1242 3338 summa
1289 3273 1555 3332 autem
1603 3267 1672 3352 ej
1698 3288 1782 3331 us
1831 3265 2466 3351 praescribebat
2513 3289 2552 3331 n
2576 3289 2776 3330 ume-

533 3417 701 3460 rum
751 3394 1207 3459 convivaru
1231 3393 1355 3458 m.'’

600 3520 827 3579 Quinam
860 3524 1039 3569 autem
1072 3519 1118 3568 is
1150 3533 1405 3569 numerus
1438 3518 1628 3580 fecerit,
1664 3519 1811 3568 facile
1845 3523 1923 3568 est
1952 3517 2264 3583 intelligere3
2297 3518 2490 3568 etenim
2508 3531 2677 3581 quum
2697 3517 2777 3566 di-

531 3630 613 3676 cat
645 3624 932 3674 Macrobius
968 3623 1018 3689 (ἓ
1051 3621 1105 3688 5)
1144 3622 1370 3672 Fanniae
1402 3622 1528 3687 legis
1560 3622 1888 3672 severitatem
1924 3621 1978 3670 in
2009 3636 2069 3671 eo
2100 3635 2342 3684 superare
2360 3617 2621 3683 Orchiam,
2640 3621 2778 3684 quod

532 3733 734 3792 praeter
780 3741 1064 3778 numerum
1102 3725 1437 3776 convivarum
1470 3725 1629 3775 etiam
1664 3724 1961 3788 sumptibus
1998 3724 2212 3773 modum
2246 3723 2379 3787 fecit,
2416 3723 2554 3773 idem
2587 3737 2778 3773 nume-

397 3837 436 3906 κ
531 3845 640 3893 ruS,
676 3830 767 3894 qui
802 3830 858 3880 in
894 3828 1107 3892 Fannia,
1139 3828 1298 3878 etiam
1335 3828 1390 3877 in
1427 3827 1615 3878 Orchia
1648 3827 1807 3876 fuisse
1839 3826 2058 3876 videtur.
2093 3825 2255 3876 ,Iussit
2286 3826 2463 3890 itaque
2498 3863 2527 3889 „
2542 3829 2675 3884 τριῶν
2690 3825 2779 3885 μὲν

534 3933 755 3989 πλείονας
803 3937 896 3980 τῶν
942 3929 1033 3998 ’ἔξω
1068 3934 1156 3988 τῆς
1191 3930 1340 3986 οἰκίας
1372 3929 1441 3990 μὴ
1476 3928 1818 3990 ὑποδέχεσθαι,
1855 3928 1969 3978 κατ’
2005 3928 2184 3989 ἀγορὰν
2220 3926 2271 3976 δὲ
2308 3933 2400 3976 τῶν
2435 3926 2587 3976 πέντε.
2632 3927 2779 3992 (Ath.

508 4027 620 4087 ‘v1.
656 4034 794 4102 108).
1549 4111 1552 4116 ·
1874 4111 1885 4121 ·

1309 4169 1580 4213 8ΕΝΔΤΠ3
1627 4168 2023 4214 coNSUL'rUM.

627 4310 788 4382 Gen.
858 4311 900 4375 1.
950 4311 993 4376 1.
1066 4313 1101 4403 ᾧ
1173 4313 1230 4374 2.
1299 4308 1514 4403 „Legi
1581 4310 1737 4381 adeo
1803 4329 2005 4406 nuper
2070 4309 2137 4372 in
2206 4306 2529 4403 Capitonis
2598 4307 2770 4398 Ateji
