3350 5250
1711 535 1831 644 76·

646 814 740 856 res
807 793 1206 878 pervenisset.
1282 773 1636 856 Accedebat
1684 790 1851 875 quod
1900 770 1999 854 illi'
2046 792 2518 876 agriculturam,
2565 759 2737 876 quae·
2774 816 2900 856 ma·

642 916 886 1003 joribus
952 917 1428 1014 fundamentum
1479 913 1713 982 roboris
1760 924 1949 1002 atque
1994 917 2364 982 incrementi
2408 919 2685 984 civitatis
2734 919 2899 983 vide-

648 1043 852 1125 batur,
908 1044 1224 1128 negligere
1272 1051 1336 1108 et
1383 1049 1776 1110 contemnere
1828 1051 2177 1129 coeperant.
2224 1043 2417 1108 Parva
2465 1044 2573 1108 illa
2620 1045 2937 1130 praedia(

647 1189 806 1252 quae
853 1151 1000 1233 olim
1051 1167 1253 1232 coloni
1301 1164 1564 1234 Romani
1610 1171 1732 1256 ipsi
1778 1176 2121 1249 araverant,
2169 1170 2233 1233 in
2272 1177 2671 1254 sumptuosas
2712 1170 2899 1235 villas

646 1293 1211 1373 commutabantur,
1298 1294 1408 1358 ubi
1493 1297 1693 1359 otium
1761 1317 1831 1358 ex
1911 1295 2162 1360 urbanis
2234 1295 2501 1379 negotiis
2570 1294 2900 1361 luxuriosa

647 1418 938 1483 nobilitas
1007 1419 1385 1485 conterebat.
1458 1419 1683 1504 Neque
1746 1442 1890 1485 vero
1954 1419 2030 1483 ad
2097 1420 2353 1484 colenda
2399 1420 2508 1484 illa
2555 1421 2899 1484 latifundia

645 1545 857 1628 inopes
941 1544 1100 1608 cives
1186 1544 1582 1622 adhibebant,
1662 1546 1767 1610 sed
1857 1546 1952 1610 his
2039 1545 2289 1630 praedia
2358 1568 2469 1609 sua
2538 1545 2899 1630 relinquere

649 1669 896 1748 coactis,
967 1670 1156 1734 servis
1221 1671 1331 1754 qui
1401 1677 1650 1756 propter
1728 1671 2042 1750 continua-
2096 1668 2259 1747 bella
2326 1670 2623 1735 vilissimo
2691 1672 2895 1756 pretio

646 1792 1033 1874 emebantur,
1078 1816 1365 1878 agrorum
1415 1763 1727 1860 culturam
1772 1795 2160 1860 mandabant
2185 1795 2253 1880 1).

737 1917 947 2004 Hujus
1016 1928 1223 1983 autem
1294 1920 1461 1998 mali,
1527 1927 1599 1984 ut
1671 1920 2098 1994 Gracchorum
2166 1922 2429 1984 maxime
2490 1929 2694 2004 aetate
2755 1929 2891 1988 tota

646 2045 881 2130 prodiit
945 2044 1032 2108 vis
1097 2052 1160 2107 et
1207 2045 1574 2129 amplitud0,
1624 2046 1713 2109 sic
1754 2047 1881 2130 jam
1929 2068 2097 2110 nunc
2147 2068 2217 2110 ea
2264 2045 2645 2130 apparebant
2692 2047 2893 2126 initia,

645 2192 804 2253 quae
851 2169 1252 2236 ostenderent
1296 2169 1743 2254 rempublicam
1795 2177 1891 2234 tot
1938 2193 2009 2234 ac
2054 2171 2245 2235 tantis
2298 2171 2464 2234 vitiis
2503 2171 2892 2237 laborantem

647 2295 756 2359 diu
821 2295 1124 2379 integram
1190 2317 1438 2358 manere
1501 2317 1624 2358 non
1687 2317 1885 2380 posse,
1932 2294 2051 2359 nisi
2100 2295 2371 2360 remedia
2418 2296 2892 2362 adhiberentur.

647 2418 1125 2484 Adhibebantur
1171 2420 1449 2504 quidem,
1498 2419 1605 2483 sed
1653 2442 1943 2505 perverso
1995 2422 2194 2485 modo.
2238 2420 2404 2485 Nam
2440 2432 2518 2487 'ut
2556 2423 2673 2508 ipsi
2716 2423 2893 2488 vitio-

647 2567 784 2609 rum
850 2545 1053 2609 fontes
1115 2543 1608 2622 obstruerentur,
1659 2545 1909 2609 omnino
1959 2568 2205 2610 necesse
2252 2555 2385 2610 erat
2431 2547 2674 2631 legibus
2718 2571 2892 2635 agra-

645 2670 756 2736 riis
804 2670 1269 2755 promulgandis
1315 2679 1504 2755 atque
1545 2671 1804 2736 coloniis
1844 2672 2223 2737 deducendis
2261 2674 2647 2737 tristissimae
2688 2675 2892 2761 plebis

645 2795 988 2859 conditioni
1046 2795 1403 2861 subvenire.
1469 2795 1720 2876 Quibus
1782 2796 1966 2861 rebus
2014 2818 2207 2880 quum
2260 2804 2323 2861 et
2368 2821 2547 2884 agros
2594 2799 2889 2863 amissum

646 2927 710 2983 et
789 2919 865 2983 ab
949 2920 1312 3005 ingentibus
1389 2921 1632 2987 divitiis
1719 2922 1959 3006 aliquid
2027 2923 2377 2987 detractum
2446 2924 2524 2987 iri
2595 2924 2890 2991 nobilitas

640 3022 1045 3130 intelligeret,
1109 3046 1185 3109 ad
1249 3069 1320 3110 ea
1368 3047 1574 3131 potius
1624 3047 1989 3131 refugiebat,
2039 3071 2198 3131 quae
2248 3070 2355 3133 per
2404 3050 2696 3133 exiguum
2748 3058 2884 3114 tan·

643 3177 782 3239 tum
858 3177 1104 3255 tempus
1171 3172 1386 3235 sistere
1455 3172 1634 3253 mala,
1706 3195 1829 3237 non
1897 3173 2186 3238 funditus
2258 3173 2521 3238 evellere
2590 3175 2888 3239 valerent.

644 3294 971 3359 Rationem
1043 3294 1287 3367 inibant
1353 3319 1474 3361 non
1547 3297 1794 3376 bonam,
1862 3298 1970 3363 sed
2034 3320 2199 3383 quae
2265 3299 2559 3364 bonitatis
2622 3301 2884 3386 speciem

647 3443 790 3507 prae
860 3445 922 3485 se
991 3421 1199 3499 ferret,
1270 3422 1503 3508 quippe
1564 3423 1671 3507 qui
1736 3423 1981 3509 legibus
2044 3424 2448 3509 sumptuariis
2498 3424 2768 3489 ferendis
2816 3428 2886 3489 in

643 3546 892 3611 luxuria
939 3547 1272 3610 coercenda
1321 3548 1558 3612 irritam
1609 3572 1855 3633 operam
1908 3572 2155 3634 ponere,
2206 3572 2391 3634 quam
2440 3574 2583 3615 cum
2634 3574 2747 3615 suo
2795 3516 2887 3617 in-

644 3671 967 3735 commodo
1012 3670 1297 3735 luxuriae
1344 3680 1532 3756 atque
1578 3674 1863 3757 ignaviae
1912 3698 2129 3739 causas
2179 3676 2401 3740 tollere
2451 3677 2725 3742 mallent.

735 3792 968 3858 Verum*
1023 3818 1171 3880 esse,
1217 3797 1384 3879 quod
1431 3797 1506 3861 de
1551 3820 1711 3863 nova
1760 3768 1944 3884 hujus
1986 3801 2150 3864 modi
2190 3801 2399 3884 legum
2447 3803 2683 3865 ratione
2728 3803 2881 3867 dixi—

645 3940 805 3997 muS,
871 3919 1069 3983 multo
1129 3922 1314 3983 etiam
1376 3921 1606 3987 clarius
1653 3924 1929 3989 ostendit
1974 3924 2073 3989 lex
2120 3926 2327 4006 Didia,
2374 3949 2535 4010 quae
2582 3913 2880 3992 Fanniam

714 4214 766 4275 1)
803 4214 874 4262 De
920 4214 1001 4263 his
1048 4215 1276 4266 omnibus
1321 4217 1431 4267 vide
1465 4219 1659 4268 Dureau
1695 4219 1754 4268 de
1789 4220 1838 4268 la
1874 4220 2028 4270 Malle
2062 4220 2091 4270 l.
2131 4222 2167 4274 1.
2204 4222 2259 4271 Τ.
2298 4222 2366 4273 ΙΙ.
2402 4239 2443 4273 c.
2480 4223 2563 4275 21.
2604 4222 2881 4274 Mommsen

645 4303 679 4353 l.
716 4304 749 4353 l.
785 4304 854 4354 II.
890 4321 999 4371 pag.
1039 4304 1122 4357 74.
