<?xml version="1.0" encoding="UTF-8"?>
<!DOCTYPE html PUBLIC "-//W3C//DTD XHTML 1.0 Transitional//EN"
    "http://www.w3.org/TR/xhtml1/DTD/xhtml1-transitional.dtd">
<html xmlns="http://www.w3.org/1999/xhtml" xml:lang="en" lang="en">
 <head>
  <title>
</title>
<meta http-equiv="Content-Type" content="text/html;charset=utf-8" />
  <meta name='ocr-system' content='tesseract 3.04.00' />
  <meta name='ocr-capabilities' content='ocr_page ocr_carea ocr_par ocr_line ocrx_word'/>
</head>
<body>
  <div class='ocr_page' id='page_1' title='image "./deromanorumlegi00houwgoog_0039.png"; bbox 0 0 3350 5250; ppageno 0'>
   <div class='ocr_carea' id='block_1_1' title="bbox 1503 580 1660 647">
    <p class='ocr_par' dir='ltr' id='par_1_1' title="bbox 1503 580 1660 647">
     <span class='ocr_line' id='line_1_1' title="bbox 1503 580 1660 647; baseline 0.025 -4"><span class='ocrx_word' id='word_1_1' title='bbox 1503 580 1660 647; x_wconf 75' lang='lat'><strong>27.</strong></span> 
     </span>
    </p>
   </div>
   <div class='ocr_carea' id='block_1_2' title="bbox 422 780 2662 1876">
    <p class='ocr_par' dir='ltr' id='par_1_2' title="bbox 422 780 2662 1876">
     <span class='ocr_line' id='line_1_2' title="bbox 424 780 2661 871; baseline 0.003 -27"><span class='ocrx_word' id='word_1_2' title='bbox 424 780 750 847; x_wconf 85' lang='lat' dir='ltr'><strong>souvenait</strong></span> <span class='ocrx_word' id='word_1_3' title='bbox 791 802 916 865; x_wconf 90' lang='lat' dir='ltr'><strong>que</strong></span> <span class='ocrx_word' id='word_1_4' title='bbox 963 781 1052 846; x_wconf 89' lang='lat' dir='ltr'><strong>les</strong></span> <span class='ocrx_word' id='word_1_5' title='bbox 1097 781 1292 849; x_wconf 79' lang='lat' dir='ltr'><strong>douze</strong></span> <span class='ocrx_word' id='word_1_6' title='bbox 1338 782 1560 851; x_wconf 83' lang='lat' dir='ltr'><strong>Tables</strong></span> <span class='ocrx_word' id='word_1_7' title='bbox 1605 785 1819 849; x_wconf 82' lang='lat' dir='ltr'><strong>furent</strong></span> <span class='ocrx_word' id='word_1_8' title='bbox 1861 809 1935 851; x_wconf 89' lang='lat' dir='ltr'><strong>en</strong></span> <span class='ocrx_word' id='word_1_9' title='bbox 1980 785 2181 871; x_wconf 82' lang='lat' dir='ltr'><strong>partie</strong></span> <span class='ocrx_word' id='word_1_10' title='bbox 2224 784 2520 871; x_wconf 74' lang='lat' dir='ltr'><strong>culquees</strong></span> <span class='ocrx_word' id='word_1_11' title='bbox 2552 808 2661 852; x_wconf 85' lang='lat' dir='ltr'><strong>sur</strong></span> 
     </span>
     <span class='ocr_line' id='line_1_3' title="bbox 423 879 2659 997; baseline 0.003 -28"><span class='ocrx_word' id='word_1_12' title='bbox 423 905 511 969; x_wconf 90' lang='lat' dir='ltr'><strong>les</strong></span> <span class='ocrx_word' id='word_1_13' title='bbox 557 904 672 969; x_wconf 90' lang='lat' dir='ltr'><strong>lois</strong></span> <span class='ocrx_word' id='word_1_14' title='bbox 717 905 793 971; x_wconf 90' lang='lat' dir='ltr'><strong>de</strong></span> <span class='ocrx_word' id='word_1_15' title='bbox 842 879 1048 987; x_wconf 80' lang='lat' dir='ltr'><strong>Solon,</strong></span> <span class='ocrx_word' id='word_1_16' title='bbox 1096 929 1174 971; x_wconf 93' lang='lat' dir='ltr'><strong>on</strong></span> <span class='ocrx_word' id='word_1_17' title='bbox 1221 910 1406 973; x_wconf 89' lang='lat' dir='ltr'><strong>serait</strong></span> <span class='ocrx_word' id='word_1_18' title='bbox 1450 910 1592 975; x_wconf 88' lang='lat' dir='ltr'><strong>bien</strong></span> <span class='ocrx_word' id='word_1_19' title='bbox 1641 908 1869 975; x_wconf 71' lang='lat' dir='ltr'><strong>etonne</strong></span> <span class='ocrx_word' id='word_1_20' title='bbox 1914 909 1991 975; x_wconf 88' lang='lat' dir='ltr'><strong>de</strong></span> <span class='ocrx_word' id='word_1_21' title='bbox 2040 911 2169 975; x_wconf 85' lang='lat' dir='ltr'><strong>voir</strong></span> <span class='ocrx_word' id='word_1_22' title='bbox 2218 912 2478 997; x_wconf 80' lang='lat' dir='ltr'>prendre</span> <span class='ocrx_word' id='word_1_23' title='bbox 2520 918 2659 976; x_wconf 89' lang='lat' dir='ltr'><strong>tant</strong></span> 
     </span>
     <span class='ocr_line' id='line_1_4' title="bbox 423 1024 2659 1122; baseline 0.003 -28"><span class='ocrx_word' id='word_1_24' title='bbox 423 1030 498 1095; x_wconf 89' lang='lat' dir='ltr'><strong>de</strong></span> <span class='ocrx_word' id='word_1_25' title='bbox 565 1024 974 1116; x_wconf 71' lang='lat' dir='ltr'><strong>precautions,</strong></span> <span class='ocrx_word' id='word_1_26' title='bbox 1044 1030 1407 1099; x_wconf 83' lang='lat' dir='ltr'><strong>d&#39;entendre</strong></span> <span class='ocrx_word' id='word_1_27' title='bbox 1478 1033 1554 1099; x_wconf 92' lang='lat' dir='ltr'><strong>de</strong></span> <span class='ocrx_word' id='word_1_28' title='bbox 1613 1036 1666 1100; x_wconf 86' lang='lat' dir='ltr'><strong>si</strong></span> <span class='ocrx_word' id='word_1_29' title='bbox 1731 1036 1911 1122; x_wconf 82' lang='lat' dir='ltr'><strong>longe</strong></span> <span class='ocrx_word' id='word_1_30' title='bbox 1970 1041 2034 1104; x_wconf 80' lang='lat' dir='ltr'><strong>et</strong></span> <span class='ocrx_word' id='word_1_31' title='bbox 2078 1037 2157 1101; x_wconf 87' lang='lat' dir='ltr'><strong>de</strong></span> <span class='ocrx_word' id='word_1_32' title='bbox 2202 1037 2253 1101; x_wconf 88' lang='lat' dir='ltr'><strong>si</strong></span> <span class='ocrx_word' id='word_1_33' title='bbox 2303 1037 2659 1103; x_wconf 83' lang='lat' dir='ltr'><strong>minutieux</strong></span> 
     </span>
     <span class='ocr_line' id='line_1_5' title="bbox 423 1155 2659 1245; baseline 0.003 -24"><span class='ocrx_word' id='word_1_34' title='bbox 423 1155 661 1238; x_wconf 74' lang='lat' dir='ltr'><strong>details,</strong></span> <span class='ocrx_word' id='word_1_35' title='bbox 709 1158 861 1224; x_wconf 89' lang='lat' dir='ltr'><strong>dans</strong></span> <span class='ocrx_word' id='word_1_36' title='bbox 909 1179 994 1222; x_wconf 88' lang='lat' dir='ltr'><strong>un</strong></span> <span class='ocrx_word' id='word_1_37' title='bbox 1045 1180 1189 1245; x_wconf 85' lang='lat' dir='ltr'><strong>pays</strong></span> <span class='ocrx_word' id='word_1_38' title='bbox 1233 1158 1314 1224; x_wconf 74' lang='grc' dir='ltr'><strong>οὺ</strong></span> <span class='ocrx_word' id='word_1_39' title='bbox 1353 1159 1414 1227; x_wconf 87' lang='lat' dir='ltr'><strong>la</strong></span> <span class='ocrx_word' id='word_1_40' title='bbox 1454 1158 1819 1245; x_wconf 71' lang='lat' dir='ltr'><strong>grossierete</strong></span> <span class='ocrx_word' id='word_1_41' title='bbox 1863 1161 1969 1225; x_wconf 88' lang='lat' dir='ltr'><strong>des</strong></span> <span class='ocrx_word' id='word_1_42' title='bbox 1996 1184 2258 1239; x_wconf 87' lang='lat' dir='ltr'><strong>moeurs,</strong></span> <span class='ocrx_word' id='word_1_43' title='bbox 2288 1162 2346 1225; x_wconf 88' lang='lat' dir='ltr'><strong>la</strong></span> <span class='ocrx_word' id='word_1_44' title='bbox 2376 1162 2659 1227; x_wconf 83' lang='lat' dir='ltr'><strong>faiblesse</strong></span> 
     </span>
     <span class='ocr_line' id='line_1_6' title="bbox 422 1259 2662 1375; baseline 0.001 -26"><span class='ocrx_word' id='word_1_45' title='bbox 422 1285 506 1349; x_wconf 92' lang='lat' dir='ltr'><strong>du</strong></span> <span class='ocrx_word' id='word_1_46' title='bbox 557 1306 918 1375; x_wconf 74' lang='lat' dir='ltr'><strong>commemo,</strong></span> <span class='ocrx_word' id='word_1_47' title='bbox 965 1283 1340 1371; x_wconf 61' lang='lat' dir='ltr'><strong>lfignorance</strong></span> <span class='ocrx_word' id='word_1_48' title='bbox 1383 1285 1545 1349; x_wconf 87' lang='lat' dir='ltr'><strong>dela</strong></span> <span class='ocrx_word' id='word_1_49' title='bbox 1568 1259 1923 1371; x_wconf 86' lang='lat' dir='ltr'><strong>navigation</strong></span> <span class='ocrx_word' id='word_1_50' title='bbox 1950 1293 2012 1354; x_wconf 85' lang='lat' dir='ltr'><strong>et</strong></span> <span class='ocrx_word' id='word_1_51' title='bbox 2039 1284 2361 1372; x_wconf 77' lang='lat' dir='ltr'>beaucoup</span> <span class='ocrx_word' id='word_1_52' title='bbox 2390 1266 2662 1351; x_wconf 68' lang='lat' dir='ltr'><strong>d&#39;athres</strong></span> 
     </span>
     <span class='ocr_line' id='line_1_7' title="bbox 423 1382 2660 1497; baseline 0 -20"><span class='ocrx_word' id='word_1_53' title='bbox 423 1435 637 1477; x_wconf 82' lang='lat' dir='ltr'><strong>causes</strong></span> <span class='ocrx_word' id='word_1_54' title='bbox 699 1411 986 1475; x_wconf 89' lang='lat' dir='ltr'><strong>devaient</strong></span> <span class='ocrx_word' id='word_1_55' title='bbox 1049 1382 1526 1476; x_wconf 82' lang='lat' dir='ltr'><strong>naturellement</strong></span> <span class='ocrx_word' id='word_1_56' title='bbox 1587 1410 1863 1497; x_wconf 71' lang='lat' dir='ltr'><strong>eloigner</strong></span> <span class='ocrx_word' id='word_1_57' title='bbox 1911 1418 2088 1477; x_wconf 86' lang='lat' dir='ltr'><strong>toute</strong></span> <span class='ocrx_word' id='word_1_58' title='bbox 2137 1410 2272 1476; x_wconf 69' lang='lat' dir='ltr'><strong>idee</strong></span> <span class='ocrx_word' id='word_1_59' title='bbox 2318 1412 2395 1477; x_wconf 88' lang='lat' dir='ltr'><strong>de</strong></span> <span class='ocrx_word' id='word_1_60' title='bbox 2446 1412 2660 1477; x_wconf 82' lang='lat' dir='ltr'><strong>faste.&#39;&#39;</strong></span> 
     </span>
     <span class='ocr_line' id='line_1_8' title="bbox 425 1528 2661 1621; baseline 0.001 -20"><span class='ocrx_word' id='word_1_61' title='bbox 425 1537 654 1605; x_wconf 81' lang='lat' dir='ltr'><strong>Eadem</strong></span> <span class='ocrx_word' id='word_1_62' title='bbox 697 1559 881 1601; x_wconf 85' lang='lat' dir='ltr'><strong>causa</strong></span> <span class='ocrx_word' id='word_1_63' title='bbox 920 1537 1181 1604; x_wconf 87' lang='lat' dir='ltr'><strong>movisse</strong></span> <span class='ocrx_word' id='word_1_64' title='bbox 1223 1535 1471 1602; x_wconf 86' lang='lat' dir='ltr'><strong>videtur</strong></span> <span class='ocrx_word' id='word_1_65' title='bbox 1498 1528 1909 1603; x_wconf 83' lang='lat' dir='ltr'><strong>Wachsmuth</strong></span> <span class='ocrx_word' id='word_1_66' title='bbox 1945 1543 2019 1600; x_wconf 87' lang='lat' dir='ltr'><strong>ut</strong></span> <span class='ocrx_word' id='word_1_67' title='bbox 2045 1537 2339 1603; x_wconf 79' lang='lat' dir='ltr'><strong>scriberet</strong></span> <span class='ocrx_word' id='word_1_68' title='bbox 2365 1538 2409 1621; x_wconf 87' lang='lat' dir='ltr'><strong>l)</strong></span> <span class='ocrx_word' id='word_1_69' title='bbox 2433 1564 2446 1601; x_wconf 76' lang='lat' dir='ltr'>z</span> <span class='ocrx_word' id='word_1_70' title='bbox 2474 1587 2512 1618; x_wconf 91' lang='lat'><em>„</em></span> <span class='ocrx_word' id='word_1_71' title='bbox 2535 1537 2661 1603; x_wconf 89' lang='lat' dir='ltr'><strong>Der</strong></span> 
     </span>
     <span class='ocr_line' id='line_1_9' title="bbox 427 1640 2656 1749; baseline -0.001 -17"><span class='ocrx_word' id='word_1_72' title='bbox 427 1640 875 1747; x_wconf 82' lang='lat' dir='ltr'><strong>merkwiirdige</strong></span> <span class='ocrx_word' id='word_1_73' title='bbox 935 1660 1225 1727; x_wconf 88' lang='lat' dir='ltr'><strong>Contrast</strong></span> <span class='ocrx_word' id='word_1_74' title='bbox 1287 1662 1613 1727; x_wconf 81' lang='lat' dir='ltr'><strong>zwisschen</strong></span> <span class='ocrx_word' id='word_1_75' title='bbox 1670 1664 1791 1727; x_wconf 90' lang='lat' dir='ltr'><strong>den</strong></span> <span class='ocrx_word' id='word_1_76' title='bbox 1838 1662 2061 1727; x_wconf 71' lang='lat' dir='ltr'><strong>hatten</strong></span> <span class='ocrx_word' id='word_1_77' title='bbox 2112 1662 2656 1749; x_wconf 84' lang='lat' dir='ltr'><strong>Schuldgesetzen‚</strong></span> 
     </span>
     <span class='ocr_line' id='line_1_10' title="bbox 427 1786 2657 1876; baseline 0 -23"><span class='ocrx_word' id='word_1_78' title='bbox 427 1788 548 1855; x_wconf 89' lang='lat' dir='ltr'><strong>den</strong></span> <span class='ocrx_word' id='word_1_79' title='bbox 611 1788 828 1853; x_wconf 88' lang='lat' dir='ltr'><strong>weisen</strong></span> <span class='ocrx_word' id='word_1_80' title='bbox 897 1786 1600 1873; x_wconf 84' lang='lat' dir='ltr'><strong>Polizeiverordnungen</strong></span> <span class='ocrx_word' id='word_1_81' title='bbox 1648 1788 1748 1853; x_wconf 90' lang='lat' dir='ltr'><strong>bei</strong></span> <span class='ocrx_word' id='word_1_82' title='bbox 1794 1788 2485 1876; x_wconf 87' lang='lat' dir='ltr'><strong>Leichenbesatzungen</strong></span> <span class='ocrx_word' id='word_1_83' title='bbox 2536 1789 2657 1854; x_wconf 66' lang='lat' dir='ltr'><strong>last</strong></span> 
     </span>
    </p>
   </div>
   <div class='ocr_carea' id='block_1_3' title="bbox 427 1912 2662 1999">
    <p class='ocr_par' dir='ltr' id='par_1_3' title="bbox 427 1912 2662 1999">
     <span class='ocr_line' id='line_1_11' title="bbox 427 1912 2662 1999; baseline 0.001 -21"><span class='ocrx_word' id='word_1_84' title='bbox 427 1914 546 1979; x_wconf 45' lang='lat' dir='ltr'><strong>auf„</strong></span> <span class='ocrx_word' id='word_1_85' title='bbox 581 1914 720 1979; x_wconf 88' lang='lat' dir='ltr'><strong>eine</strong></span> <span class='ocrx_word' id='word_1_86' title='bbox 768 1912 1134 1999; x_wconf 81' lang='lat' dir='ltr'><strong>Misschung</strong></span> <span class='ocrx_word' id='word_1_87' title='bbox 1178 1914 1264 1977; x_wconf 90' lang='lat' dir='ltr'><strong>in·</strong></span> <span class='ocrx_word' id='word_1_88' title='bbox 1316 1913 1443 1978; x_wconf 88' lang='lat' dir='ltr'><strong>und</strong></span> <span class='ocrx_word' id='word_1_89' title='bbox 1486 1913 1951 1982; x_wconf 64' lang='lat' dir='ltr'><strong>auslandischer</strong></span> <span class='ocrx_word' id='word_1_90' title='bbox 1977 1914 2235 1981; x_wconf 74' lang='lat' dir='ltr'><strong>Gesetze</strong></span> <span class='ocrx_word' id='word_1_91' title='bbox 2260 1914 2662 1982; x_wconf 78' lang='lat' dir='ltr'><strong>schlieszen.&#39;’</strong></span> 
     </span>
    </p>
   </div>
   <div class='ocr_carea' id='block_1_4' title="bbox 428 2039 2763 2126">
    <p class='ocr_par' dir='ltr' id='par_1_4' title="bbox 428 2039 2763 2126">
     <span class='ocr_line' id='line_1_12' title="bbox 428 2039 2763 2126; baseline 0 -20"><span class='ocrx_word' id='word_1_92' title='bbox 428 2040 711 2123; x_wconf 78' lang='lat' dir='ltr'><strong>Quorum</strong></span> <span class='ocrx_word' id='word_1_93' title='bbox 779 2039 1174 2105; x_wconf 78' lang='lat' dir='ltr'>admirationi</span> <span class='ocrx_word' id='word_1_94' title='bbox 1232 2040 1320 2105; x_wconf 86' lang='lat' dir='ltr'><strong>ita</strong></span> <span class='ocrx_word' id='word_1_95' title='bbox 1368 2041 1598 2125; x_wconf 86' lang='lat' dir='ltr'><strong>optime</strong></span> <span class='ocrx_word' id='word_1_96' title='bbox 1645 2040 2062 2126; x_wconf 82' lang='lat' dir='ltr'><strong>facillimeque</strong></span> <span class='ocrx_word' id='word_1_97' title='bbox 2113 2064 2209 2108; x_wconf 84' lang='lat' dir='ltr'><strong>me</strong></span> <span class='ocrx_word' id='word_1_98' title='bbox 2258 2064 2661 2109; x_wconf 83' lang='lat' dir='ltr'><strong>occursurum</strong></span> <span class='ocrx_word' id='word_1_99' title='bbox 2698 2074 2713 2097; x_wconf 74' lang='lat' dir='ltr'><strong>r</strong></span> <span class='ocrx_word' id='word_1_100' title='bbox 2744 2044 2763 2115; x_wconf 74' lang='grc'><strong>’,</strong></span> 
     </span>
    </p>
   </div>
   <div class='ocr_carea' id='block_1_5' title="bbox 425 2165 2674 4142">
    <p class='ocr_par' dir='ltr' id='par_1_5' title="bbox 425 2165 2664 2771">
     <span class='ocr_line' id='line_1_13' title="bbox 426 2165 2664 2252; baseline 0 -19"><span class='ocrx_word' id='word_1_101' title='bbox 426 2168 688 2244; x_wconf 82' lang='lat' dir='ltr'><strong>confido,</strong></span> <span class='ocrx_word' id='word_1_102' title='bbox 738 2167 788 2230; x_wconf 91' lang='lat' dir='ltr'><strong>si</strong></span> <span class='ocrx_word' id='word_1_103' title='bbox 838 2165 1051 2252; x_wconf 83' lang='lat' dir='ltr'><strong>paucis</strong></span> <span class='ocrx_word' id='word_1_104' title='bbox 1099 2167 1423 2251; x_wconf 79' lang='lat' dir='ltr'><strong>ostendero</strong></span> <span class='ocrx_word' id='word_1_105' title='bbox 1467 2165 1648 2250; x_wconf 88' lang='lat' dir='ltr'><strong>longe</strong></span> <span class='ocrx_word' id='word_1_106' title='bbox 1687 2166 1835 2231; x_wconf 82' lang='lat' dir='ltr'><strong>elias</strong></span> <span class='ocrx_word' id='word_1_107' title='bbox 1873 2190 2087 2233; x_wconf 82' lang='lat' dir='ltr'><strong>causas</strong></span> <span class='ocrx_word' id='word_1_108' title='bbox 2130 2167 2505 2233; x_wconf 86' lang='lat' dir='ltr'><strong>decemviros</strong></span> <span class='ocrx_word' id='word_1_109' title='bbox 2547 2168 2664 2233; x_wconf 79' lang='lat' dir='ltr'><strong>im-</strong></span> 
     </span>
     <span class='ocr_line' id='line_1_14' title="bbox 425 2281 2659 2380; baseline -0 -22"><span class='ocrx_word' id='word_1_110' title='bbox 425 2292 678 2380; x_wconf 87' lang='lat' dir='ltr'><strong>pulisse,</strong></span> <span class='ocrx_word' id='word_1_111' title='bbox 745 2297 818 2357; x_wconf 88' lang='lat' dir='ltr'><strong>ut</strong></span> <span class='ocrx_word' id='word_1_112' title='bbox 876 2292 1043 2376; x_wconf 84' lang='lat' dir='ltr'><strong>leges</strong></span> <span class='ocrx_word' id='word_1_113' title='bbox 1103 2291 1246 2356; x_wconf 88' lang='lat' dir='ltr'><strong>illas</strong></span> <span class='ocrx_word' id='word_1_114' title='bbox 1308 2291 1796 2379; x_wconf 75' lang='lat' dir='ltr'><strong>promulgarent.</strong></span> <span class='ocrx_word' id='word_1_115' title='bbox 1865 2292 2114 2379; x_wconf 77' lang='lat' dir='ltr'><strong>Duplex</strong></span> <span class='ocrx_word' id='word_1_116' title='bbox 2178 2281 2386 2358; x_wconf 86' lang='lat' dir='ltr'><strong>autem</strong></span> <span class='ocrx_word' id='word_1_117' title='bbox 2440 2294 2659 2359; x_wconf 83' lang='lat' dir='ltr'><strong>harum</strong></span> 
     </span>
     <span class='ocr_line' id='line_1_15' title="bbox 427 2414 2664 2507; baseline 0.001 -25"><span class='ocrx_word' id='word_1_118' title='bbox 427 2440 750 2483; x_wconf 87' lang='lat' dir='ltr'><strong>causarum</strong></span> <span class='ocrx_word' id='word_1_119' title='bbox 785 2439 981 2504; x_wconf 89' lang='lat' dir='ltr'><strong>genus</strong></span> <span class='ocrx_word' id='word_1_120' title='bbox 1007 2415 1192 2481; x_wconf 77' lang='lat' dir='ltr'><strong>fuisse</strong></span> <span class='ocrx_word' id='word_1_121' title='bbox 1218 2415 1504 2501; x_wconf 83' lang='lat' dir='ltr'><strong>equidem</strong></span> <span class='ocrx_word' id='word_1_122' title='bbox 1531 2439 1894 2502; x_wconf 84' lang='lat' dir='ltr'><strong>persuasum</strong></span> <span class='ocrx_word' id='word_1_123' title='bbox 1924 2418 2074 2481; x_wconf 88' lang='lat' dir='ltr'><strong>mihi</strong></span> <span class='ocrx_word' id='word_1_124' title='bbox 2106 2414 2319 2497; x_wconf 77' lang='lat' dir='ltr'><strong>habeO,</strong></span> <span class='ocrx_word' id='word_1_125' title='bbox 2345 2441 2505 2504; x_wconf 88' lang='lat' dir='ltr'><strong>quae</strong></span> <span class='ocrx_word' id='word_1_126' title='bbox 2530 2442 2664 2507; x_wconf 86' lang='lat' dir='ltr'><strong>par·</strong></span> 
     </span>
     <span class='ocr_line' id='line_1_16' title="bbox 427 2541 2659 2632; baseline 0 -22"><span class='ocrx_word' id='word_1_127' title='bbox 427 2544 546 2610; x_wconf 91' lang='lat' dir='ltr'><strong>tim</strong></span> <span class='ocrx_word' id='word_1_128' title='bbox 582 2545 646 2611; x_wconf 90' lang='lat' dir='ltr'><strong>in</strong></span> <span class='ocrx_word' id='word_1_129' title='bbox 673 2543 938 2632; x_wconf 86' lang='lat' dir='ltr'><strong>publicis</strong></span> <span class='ocrx_word' id='word_1_130' title='bbox 965 2541 1306 2609; x_wconf 88' lang='lat' dir='ltr'><strong>rationibus</strong></span> <span class='ocrx_word' id='word_1_131' title='bbox 1331 2544 1566 2630; x_wconf 82' lang='lat' dir='ltr'><strong>positae</strong></span> <span class='ocrx_word' id='word_1_132' title='bbox 1593 2552 1789 2623; x_wconf 86' lang='lat' dir='ltr'><strong>erant,</strong></span> <span class='ocrx_word' id='word_1_133' title='bbox 1820 2544 2047 2631; x_wconf 88' lang='lat' dir='ltr'><strong>partim</strong></span> <span class='ocrx_word' id='word_1_134' title='bbox 2075 2546 2142 2611; x_wconf 92' lang='lat' dir='ltr'><strong>in</strong></span> <span class='ocrx_word' id='word_1_135' title='bbox 2169 2545 2377 2612; x_wconf 81' lang='lat' dir='ltr'><strong>studio</strong></span> <span class='ocrx_word' id='word_1_136' title='bbox 2404 2545 2659 2612; x_wconf 86' lang='lat' dir='ltr'><strong>nimiam</strong></span> 
     </span>
     <span class='ocr_line' id='line_1_17' title="bbox 426 2669 2664 2771; baseline 0.002 -35"><span class='ocrx_word' id='word_1_137' title='bbox 426 2671 496 2736; x_wconf 91' lang='lat' dir='ltr'><strong>in</strong></span> <span class='ocrx_word' id='word_1_138' title='bbox 536 2671 806 2771; x_wconf 69' lang='lat' dir='ltr'><strong>lugendo</strong></span> <span class='ocrx_word' id='word_1_139' title='bbox 843 2669 1384 2756; x_wconf 79' lang='lat' dir='ltr'><strong>&#39;intemperantiam</strong></span> <span class='ocrx_word' id='word_1_140' title='bbox 1413 2669 1755 2735; x_wconf 89' lang='lat' dir='ltr'><strong>minuendi.</strong></span> <span class='ocrx_word' id='word_1_141' title='bbox 1787 2671 1881 2736; x_wconf 90' lang='lat' dir='ltr'><strong>De</strong></span> <span class='ocrx_word' id='word_1_142' title='bbox 1904 2671 2001 2736; x_wconf 87' lang='lat' dir='ltr'><strong>his</strong></span> <span class='ocrx_word' id='word_1_143' title='bbox 2029 2671 2294 2758; x_wconf 87' lang='lat' dir='ltr'><strong>primum</strong></span> <span class='ocrx_word' id='word_1_144' title='bbox 2325 2673 2664 2741; x_wconf 80' lang='lat' dir='ltr'><strong>videamus.</strong></span> 
     </span>
    </p>

    <p class='ocr_par' dir='ltr' id='par_1_6' title="bbox 427 2769 2674 4142">
     <span class='ocr_line' id='line_1_18' title="bbox 520 2769 2661 2894; baseline 0.001 -30"><span class='ocrx_word' id='word_1_145' title='bbox 520 2769 768 2882; x_wconf 71' lang='lat' dir='ltr'><strong>Etenim</strong></span> <span class='ocrx_word' id='word_1_146' title='bbox 831 2799 1031 2864; x_wconf 85' lang='lat' dir='ltr'><strong>inerat</strong></span> <span class='ocrx_word' id='word_1_147' title='bbox 1091 2801 1157 2865; x_wconf 86' lang='lat' dir='ltr'><strong>in</strong></span> <span class='ocrx_word' id='word_1_148' title='bbox 1222 2806 1607 2864; x_wconf 86' lang='lat' dir='ltr'><strong>mortuorum</strong></span> <span class='ocrx_word' id='word_1_149' title='bbox 1654 2797 1835 2894; x_wconf 85' lang='lat' dir='ltr'><strong>cultu</strong></span> <span class='ocrx_word' id='word_1_150' title='bbox 1880 2798 2047 2884; x_wconf 88' lang='lat' dir='ltr'><strong>apud</strong></span> <span class='ocrx_word' id='word_1_151' title='bbox 2103 2797 2411 2866; x_wconf 83' lang='lat' dir='ltr'><strong>Romanos</strong></span> <span class='ocrx_word' id='word_1_152' title='bbox 2461 2801 2661 2867; x_wconf 84' lang='lat' dir='ltr'><strong>ferum</strong></span> 
     </span>
     <span class='ocr_line' id='line_1_19' title="bbox 427 2922 2657 3012; baseline 0.001 -23"><span class='ocrx_word' id='word_1_153' title='bbox 427 2926 744 3012; x_wconf 89' lang='lat' dir='ltr'><strong>quoddam</strong></span> <span class='ocrx_word' id='word_1_154' title='bbox 811 2931 876 2990; x_wconf 87' lang='lat' dir='ltr'><strong>et</strong></span> <span class='ocrx_word' id='word_1_155' title='bbox 941 2923 1290 2990; x_wconf 88' lang='lat' dir='ltr'><strong>barbarum.</strong></span> <span class='ocrx_word' id='word_1_156' title='bbox 1352 2922 1542 3004; x_wconf 79' lang='lat' dir='ltr'><strong>Quod·</strong></span> <span class='ocrx_word' id='word_1_157' title='bbox 1601 2930 1676 2987; x_wconf 91' lang='grc' dir='ltr'><strong>ιιι</strong></span> <span class='ocrx_word' id='word_1_158' title='bbox 1721 2925 2062 3002; x_wconf 84' lang='lat' dir='ltr'><strong>ostendam,</strong></span> <span class='ocrx_word' id='word_1_159' title='bbox 2114 2947 2308 3010; x_wconf 88' lang='lat' dir='ltr'><strong>pauca</strong></span> <span class='ocrx_word' id='word_1_160' title='bbox 2355 2927 2657 3012; x_wconf 77' lang='lat' dir='ltr'><strong>proferam</strong></span> 
     </span>
     <span class='ocr_line' id='line_1_20' title="bbox 430 3047 2667 3140; baseline 0 -23"><span class='ocrx_word' id='word_1_161' title='bbox 430 3051 734 3140; x_wconf 85' lang='lat' dir='ltr'><strong>exempla.</strong></span> <span class='ocrx_word' id='word_1_162' title='bbox 802 3053 973 3116; x_wconf 84' lang='lat' dir='ltr'><strong>Serv.</strong></span> <span class='ocrx_word' id='word_1_163' title='bbox 1037 3050 1112 3114; x_wconf 88' lang='lat' dir='ltr'><strong>ad</strong></span> <span class='ocrx_word' id='word_1_164' title='bbox 1177 3051 1332 3116; x_wconf 88' lang='lat' dir='ltr'><strong>Aen.</strong></span> <span class='ocrx_word' id='word_1_165' title='bbox 1395 3047 1475 3113; x_wconf 88' lang='lat' dir='ltr'><strong>V.</strong></span> <span class='ocrx_word' id='word_1_166' title='bbox 1526 3051 1642 3116; x_wconf 80' lang='lat'><strong>78:</strong></span> <span class='ocrx_word' id='word_1_167' title='bbox 1694 3048 2007 3129; x_wconf 86' lang='lat' dir='ltr'><strong>„Umbrae</strong></span> <span class='ocrx_word' id='word_1_168' title='bbox 2054 3052 2355 3136; x_wconf 86' lang='lat' dir='ltr'><strong>sanguine</strong></span> <span class='ocrx_word' id='word_1_169' title='bbox 2400 3060 2463 3119; x_wconf 88' lang='lat' dir='ltr'><strong>et</strong></span> <span class='ocrx_word' id='word_1_170' title='bbox 2486 3052 2667 3118; x_wconf 82' lang='lat' dir='ltr'><strong>&#39;lacte</strong></span> 
     </span>
     <span class='ocr_line' id='line_1_21' title="bbox 434 3173 2669 3262; baseline -0.001 -18"><span class='ocrx_word' id='word_1_171' title='bbox 434 3177 768 3252; x_wconf 86' lang='lat' dir='ltr'><strong>satiantur,</strong></span> <span class='ocrx_word' id='word_1_172' title='bbox 817 3175 984 3242; x_wconf 89' lang='lat' dir='ltr'><strong>unde</strong></span> <span class='ocrx_word' id='word_1_173' title='bbox 1028 3173 1310 3254; x_wconf 80' lang='lat' dir='ltr'><strong>feminae,</strong></span> <span class='ocrx_word' id='word_1_174' title='bbox 1358 3196 1516 3259; x_wconf 87' lang='lat' dir='ltr'><strong>quae</strong></span> <span class='ocrx_word' id='word_1_175' title='bbox 1567 3185 1842 3240; x_wconf 86' lang='lat' dir='ltr'><strong>mortuos</strong></span> <span class='ocrx_word' id='word_1_176' title='bbox 1889 3182 2370 3262; x_wconf 87' lang='lat' dir='ltr'><strong>prosequuntur,</strong></span> <span class='ocrx_word' id='word_1_177' title='bbox 2423 3174 2669 3242; x_wconf 87' lang='lat' dir='ltr'><strong>ubera</strong></span> 
     </span>
     <span class='ocr_line' id='line_1_22' title="bbox 431 3299 2671 3390; baseline 0.001 -23"><span class='ocrx_word' id='word_1_178' title='bbox 431 3304 802 3390; x_wconf 86' lang='lat' dir='ltr'><strong>tundunt</strong></span> <span class='ocrx_word' id='word_1_179' title='bbox 862 3308 950 3366; x_wconf 91' lang='lat' dir='ltr'><strong>ut</strong></span> <span class='ocrx_word' id='word_1_180' title='bbox 1010 3302 1138 3368; x_wconf 87' lang='lat' dir='ltr'><strong>lac</strong></span> <span class='ocrx_word' id='word_1_181' title='bbox 1198 3301 1693 3387; x_wconf 75' lang='lat' dir='ltr'><strong>exprimant.</strong></span> <span class='ocrx_word' id='word_1_182' title='bbox 1759 3299 2061 3367; x_wconf 84' lang='lat' dir='ltr'><strong>Cuncti</strong></span> <span class='ocrx_word' id='word_1_183' title='bbox 2122 3308 2385 3368; x_wconf 86' lang='lat' dir='ltr'><strong>autem</strong></span> <span class='ocrx_word' id='word_1_184' title='bbox 2448 3303 2671 3370; x_wconf 89' lang='lat' dir='ltr'><strong>sela·</strong></span> 
     </span>
     <span class='ocr_line' id='line_1_23' title="bbox 431 3401 2667 3512; baseline -0.001 -17"><span class='ocrx_word' id='word_1_185' title='bbox 431 3434 752 3507; x_wconf 87' lang='lat' dir='ltr'><strong>cerant,</strong></span> <span class='ocrx_word' id='word_1_186' title='bbox 813 3401 902 3492; x_wconf 84' lang='grc' dir='ltr'><strong>ιιι</strong></span> <span class='ocrx_word' id='word_1_187' title='bbox 960 3426 1446 3512; x_wconf 86' lang='lat' dir='ltr'><strong>sanguinem</strong></span> <span class='ocrx_word' id='word_1_188' title='bbox 1509 3425 2022 3492; x_wconf 83' lang='lat' dir='ltr'><strong>effundant.&#39;&#39;</strong></span> <span class='ocrx_word' id='word_1_189' title='bbox 2084 3426 2245 3494; x_wconf 91' lang='lat' dir='ltr'><strong>Ibid.</strong></span> <span class='ocrx_word' id='word_1_190' title='bbox 2308 3427 2444 3492; x_wconf 91' lang='lat' dir='ltr'><strong>XII</strong></span> <span class='ocrx_word' id='word_1_191' title='bbox 2506 3429 2667 3492; x_wconf 79' lang='lat'>606:</span> 
     </span>
     <span class='ocr_line' id='line_1_24' title="bbox 434 3554 2673 3642; baseline 0 -22"><span class='ocrx_word' id='word_1_192' title='bbox 434 3604 475 3636; x_wconf 91' lang='lat'><em>„</em></span> <span class='ocrx_word' id='word_1_193' title='bbox 499 3555 692 3620; x_wconf 87' lang='lat' dir='ltr'><strong>Moris</strong></span> <span class='ocrx_word' id='word_1_194' title='bbox 760 3555 882 3622; x_wconf 84' lang='lat' dir='ltr'><strong>fuit</strong></span> <span class='ocrx_word' id='word_1_195' title='bbox 949 3555 1114 3642; x_wconf 89' lang='lat' dir='ltr'><strong>apud</strong></span> <span class='ocrx_word' id='word_1_196' title='bbox 1177 3559 1428 3634; x_wconf 84' lang='lat' dir='ltr'><strong>veteres,</strong></span> <span class='ocrx_word' id='word_1_197' title='bbox 1496 3561 1570 3618; x_wconf 91' lang='grc' dir='ltr'><strong>ιιι</strong></span> <span class='ocrx_word' id='word_1_198' title='bbox 1635 3561 1780 3618; x_wconf 87' lang='lat' dir='ltr'><strong>ante</strong></span> <span class='ocrx_word' id='word_1_199' title='bbox 1837 3576 2015 3640; x_wconf 86' lang='lat' dir='ltr'><strong>rogos</strong></span> <span class='ocrx_word' id='word_1_200' title='bbox 2062 3554 2373 3620; x_wconf 86' lang='lat' dir='ltr'><strong>humanus</strong></span> <span class='ocrx_word' id='word_1_201' title='bbox 2419 3555 2673 3640; x_wconf 87' lang='lat' dir='ltr'><strong>sanguis</strong></span> 
     </span>
     <span class='ocr_line' id='line_1_25' title="bbox 435 3678 2671 3766; baseline -0.001 -19"><span class='ocrx_word' id='word_1_202' title='bbox 435 3679 860 3754; x_wconf 85' lang='lat' dir='ltr'><strong>effunderetur</strong></span> <span class='ocrx_word' id='word_1_203' title='bbox 910 3679 1002 3743; x_wconf 88' lang='lat' dir='ltr'><strong>vel</strong></span> <span class='ocrx_word' id='word_1_204' title='bbox 1052 3679 1435 3766; x_wconf 85' lang='lat' dir='ltr'><strong>captivorum</strong></span> <span class='ocrx_word' id='word_1_205' title='bbox 1481 3678 1579 3744; x_wconf 87' lang='lat' dir='ltr'><strong>vel</strong></span> <span class='ocrx_word' id='word_1_206' title='bbox 1617 3678 2073 3764; x_wconf 87' lang='lat' dir='ltr'><strong>gladiatorum:</strong></span> <span class='ocrx_word' id='word_1_207' title='bbox 2114 3701 2379 3764; x_wconf 88' lang='lat' dir='ltr'><strong>quorum</strong></span> <span class='ocrx_word' id='word_1_208' title='bbox 2420 3681 2472 3744; x_wconf 90' lang='lat' dir='ltr'><strong>si</strong></span> <span class='ocrx_word' id='word_1_209' title='bbox 2510 3681 2671 3745; x_wconf 82' lang='lat' dir='ltr'><strong>forte</strong></span> 
     </span>
     <span class='ocr_line' id='line_1_26' title="bbox 436 3804 2674 3893; baseline -0.001 -21"><span class='ocrx_word' id='word_1_210' title='bbox 436 3807 611 3893; x_wconf 89' lang='lat' dir='ltr'><strong>copia</strong></span> <span class='ocrx_word' id='word_1_211' title='bbox 693 3828 816 3872; x_wconf 88' lang='lat' dir='ltr'><strong>non</strong></span> <span class='ocrx_word' id='word_1_212' title='bbox 889 3804 1125 3883; x_wconf 80' lang='lat' dir='ltr'><strong>fuisset,</strong></span> <span class='ocrx_word' id='word_1_213' title='bbox 1194 3804 1622 3869; x_wconf 84' lang='lat' dir='ltr'><strong>laniantes</strong></span> <span class='ocrx_word' id='word_1_214' title='bbox 1692 3827 1941 3888; x_wconf 87' lang='lat' dir='ltr'><strong>genas</strong></span> <span class='ocrx_word' id='word_1_215' title='bbox 2012 3825 2237 3872; x_wconf 87' lang='lat' dir='ltr'><strong>suum</strong></span> <span class='ocrx_word' id='word_1_216' title='bbox 2308 3805 2674 3872; x_wconf 80' lang='lat' dir='ltr'><strong>effunde-</strong></span> 
     </span>
     <span class='ocr_line' id='line_1_27' title="bbox 440 3907 2669 4015; baseline 0.001 -20"><span class='ocrx_word' id='word_1_217' title='bbox 440 3929 632 3996; x_wconf 85' lang='lat' dir='ltr'><strong>bant</strong></span> <span class='ocrx_word' id='word_1_218' title='bbox 701 3955 781 3995; x_wconf 91' lang='lat' dir='ltr'><strong>cr</strong></span> <span class='ocrx_word' id='word_1_219' title='bbox 805 3952 841 3994; x_wconf 95' lang='lat' dir='ltr'><strong>u</strong></span> <span class='ocrx_word' id='word_1_220' title='bbox 863 3953 1070 3996; x_wconf 89' lang='lat' dir='ltr'><strong>orem</strong></span> <span class='ocrx_word' id='word_1_221' title='bbox 1091 3981 1109 4010; x_wconf 90' lang='lat'>‚</span> <span class='ocrx_word' id='word_1_222' title='bbox 1173 3936 1246 3993; x_wconf 88' lang='grc' dir='ltr'><strong>ιιι</strong></span> <span class='ocrx_word' id='word_1_223' title='bbox 1308 3927 1472 4015; x_wconf 85' lang='lat' dir='ltr'><strong>rogi‘s</strong></span> <span class='ocrx_word' id='word_1_224' title='bbox 1537 3929 1644 3995; x_wconf 88' lang='lat' dir='ltr'><strong>illa</strong></span> <span class='ocrx_word' id='word_1_225' title='bbox 1706 3929 1910 4015; x_wconf 87' lang='lat' dir='ltr'><strong>imago</strong></span> <span class='ocrx_word' id='word_1_226' title='bbox 1959 3907 2459 3996; x_wconf 50' lang='lat' dir='ltr'><strong>restitueretur?</strong></span> <span class='ocrx_word' id='word_1_227' title='bbox 2502 3929 2669 3998; x_wconf 91' lang='lat' dir='ltr'><strong>Ibid.</strong></span> 
     </span>
     <span class='ocr_line' id='line_1_28' title="bbox 437 4055 2671 4142; baseline 0 -21"><span class='ocrx_word' id='word_1_228' title='bbox 437 4056 541 4121; x_wconf 87' lang='grc' dir='ltr'><strong>ΙΙΙ</strong></span> <span class='ocrx_word' id='word_1_229' title='bbox 610 4059 726 4123; x_wconf 84' lang='lat'><strong>67:</strong></span> <span class='ocrx_word' id='word_1_230' title='bbox 796 4106 836 4136; x_wconf 89' lang='lat'><strong>‚,</strong></span> <span class='ocrx_word' id='word_1_231' title='bbox 860 4057 1044 4142; x_wconf 84' lang='lat' dir='ltr'><strong>Apud</strong></span> <span class='ocrx_word' id='word_1_232' title='bbox 1106 4061 1342 4122; x_wconf 84' lang='lat' dir='ltr'><strong>veteres</strong></span> <span class='ocrx_word' id='word_1_233' title='bbox 1404 4057 1588 4123; x_wconf 86' lang='lat' dir='ltr'><strong>etiam</strong></span> <span class='ocrx_word' id='word_1_234' title='bbox 1638 4055 1919 4120; x_wconf 89' lang='lat' dir='ltr'><strong>homines</strong></span> <span class='ocrx_word' id='word_1_235' title='bbox 1963 4055 2517 4136; x_wconf 87' lang='lat' dir='ltr'><strong>interficiebantur,</strong></span> <span class='ocrx_word' id='word_1_236' title='bbox 2564 4056 2671 4122; x_wconf 88' lang='lat' dir='ltr'><strong>sed</strong></span> 
     </span>
    </p>
   </div>
   <div class='ocr_carea' id='block_1_6' title="bbox 441 4227 732 4237">
    <p class='ocr_par' dir='ltr' id='par_1_7' title="bbox 441 4227 732 4237">
     <span class='ocr_line' id='line_1_29' title="bbox 441 4227 732 4237; baseline 0 0"><span class='ocrx_word' id='word_1_237' title='bbox 441 4227 732 4237; x_wconf 95' lang='lat' dir='ltr'><strong> </strong></span> 
     </span>
    </p>
   </div>
   <div class='ocr_carea' id='block_1_7' title="bbox 508 4314 2021 4387">
    <p class='ocr_par' dir='ltr' id='par_1_8' title="bbox 508 4314 2021 4387">
     <span class='ocr_line' id='line_1_30' title="bbox 508 4314 2021 4387; baseline 0.003 -21"><span class='ocrx_word' id='word_1_238' title='bbox 508 4318 560 4384; x_wconf 90' lang='lat'><strong>1)</strong></span> <span class='ocrx_word' id='word_1_239' title='bbox 597 4316 689 4366; x_wconf 89' lang='lat' dir='ltr'><strong>Die</strong></span> <span class='ocrx_word' id='word_1_240' title='bbox 723 4316 877 4368; x_wconf 62' lang='lat' dir='ltr'><strong>altere</strong></span> <span class='ocrx_word' id='word_1_241' title='bbox 910 4314 1200 4367; x_wconf 87' lang='lat' dir='ltr'><strong>Gesehichte</strong></span> <span class='ocrx_word' id='word_1_242' title='bbox 1236 4315 1321 4368; x_wconf 82' lang='lat' dir='ltr'><strong>des</strong></span> <span class='ocrx_word' id='word_1_243' title='bbox 1356 4315 1497 4368; x_wconf 69' lang='lat' dir='ltr'><strong>Rom.</strong></span> <span class='ocrx_word' id='word_1_244' title='bbox 1532 4315 1723 4370; x_wconf 64' lang='lat' dir='ltr'><strong>stantes</strong></span> <span class='ocrx_word' id='word_1_245' title='bbox 1759 4331 1867 4387; x_wconf 74' lang='lat' dir='ltr'><strong>pag.</strong></span> <span class='ocrx_word' id='word_1_246' title='bbox 1906 4315 2021 4370; x_wconf 75' lang='lat'>369.</span> 
     </span>
    </p>
   </div>
  </div>
 </body>
</html>
