3350 5250
1681 589 1846 668 ’πο

693 816 894 901 pisces
935 815 1165 901 quibus
1213 823 1310 882 est
1353 839 1629 902 squama,
1680 822 1925 903 praeter
1970 813 2274 880 scarum.”
2320 812 2526 878 Pisces
2570 833 2694 876 non
2744 830 2975 893 squa-

703 965 901 1008 mosos
947 943 1096 1008 olim
1142 941 1222 1008 ad
1267 942 1641 1028 religionum
1691 941 2092 1007 caerimonias
2140 942 2346 1006 minus
2390 938 2641 1004 idoneos
2684 957 2979 1022 semper

699 1068 946 1134 habitos
1006 1093 1157 1152 esse,
1221 1070 1521 1135 affirmare
1587 1070 1787 1135 ausim
1849 1068 1966 1134 hoc
2028 1089 2277 1153 quoque
2320 1071 2711 1153 argumento,
2764 1060 2979 1148 quod

697 1193 738 1259 J
742 1196 955 1262 udaeis
1015 1197 1152 1285 lege
1213 1203 1350 1262 erat
1406 1195 1836 1277 interdictum,
1884 1217 1965 1260 ne
2011 1194 2087 1260 iis
2130 1201 2446 1278 tamquam
2492 1189 2757 1278 impuris
2808 1211 2977 1254 ves·

702 1328 994 1395 serentur
1019 1323 1093 1408 1).

715 1457 725 1466 “
785 1447 1084 1534 Legimus
1164 1470 1348 1536 porro
1429 1449 1596 1534 apud
1664 1447 1979 1513 Plinium:
2039 1443 2345 1526 „Numae
2426 1443 2591 1529 regis
2662 1441 2977 1507 Posthu·

653 1557 660 1562 ¹
703 1575 825 1639 mia
852 1577 901 1659 ²)
965 1573 1065 1658 lex
1131 1581 1246 1653 est,
1297 1575 1492 1640 vino
1552 1596 1835 1661 rogum
1882 1597 1977 1639 ne
2024 1572 2529 1659 respargit03
2575 1569 2745 1654 quod
2793 1592 2973 1635 san·-

699 1701 858 1782 ¹:risse
919 1723 1063 1766 eum
1129 1707 1378 1788 propter
1439 1701 1710 1787 inopiam
1753 1701 1843 1766 rei
1888 1722 2068 1764 nemo
2113 1694 2401 1764 dubitet'’
2426 1699 2495 1782 ⁸).
2542 1695 2827 1788 Boxman
2889 1700 2973 1760 et

701 1825 990 1896 Penniuk
1055 1825 1218 1892 hanc
1277 1835 1526 1911 quoque
1586 1827 1787 1913 legem
1848 1826 2011 1891 inter
2053 1823 2473 1910 sumptuarias
2517 1821 2965 1888 rettulerunt.

697 1950 951 2036 Lipsius
997 1973 1138 2016 vero
1183 1958 1267 2032 et,
1313 1951 1427 2035 qui
1472 1973 1612 2016 eum
1661 1956 1913 2016 secutus
1950 1957 2064 2029 est,
2105 1949 2396 2035 Scaliger,
2436 1970 2561 2014 non
2600 1947 2755 2011 adeo
2781 1947 2963 2033 poli·

699 2078 888 2140 ticam
955 2098 1142 2160 quam
1211 2075 1593 2142 convivalem
1657 2074 1858 2162 legem
1920 2075 2108 2141 fuisse
2167 2073 2579 2141 contendunt.
2638 2062 2959 2154 Quoruin

697 2202 1070 2266 sententiam
1119 2223 1246 2266 non
1293 2201 1434 2266 ideo
1479 2201 1714 2288 protuli
1763 2208 1837 2266 ut
1869 2223 2176 2284 sequerer,
2224 2199 2329 2265 sed
2368 2199 2577 2288 potius
2623 2206 2695 2263 ut
2717 2205 2955 2264 osten-

689 2445 696 2460 ι
766 2425 815 2490 1)
849 2424 994 2476 Dent.
1031 2425 1160 2476 xlv,
1199 2427 1245 2474 9.
1281 2425 1394 2476 Lev.
1431 2425 1572 2476 vm.
1608 2428 1654 2476 9.
1691 2425 1790 2475 Illa
1823 2425 1987 2490 legum
2018 2425 2259 2490 regiarum
2276 2422 2594 2489 praescripta,
2612 2439 2733 2486 quae
2767 2422 2959 2473 Numa

693 2514 880 2565 dedisse
925 2516 1123 2575 dicitur,
1165 2516 1325 2566 solum
1372 2517 1572 2567 deorum
1609 2517 1798 2566 cultum
1836 2524 2067 2583 spectare,
2103 2516 2359 2567 contendit
2392 2516 2543 2565 etiam
2580 2515 2746 2578 Voigt,
2784 2515 2951 2578 cujus

698 2607 844 2656 verba
890 2608 1007 2658 haec
1044 2615 1158 2659 sunt
1193 2608 1226 2659 1.
1261 2608 1296 2659 1.
1333 2624 1440 2675 pag.
1481 2609 1602 2659 560:
1642 2609 1833 2669 „Beide
1866 2609 2016 2659 somit
2050 2608 2450 2673 Verordnungen,
2481 2607 2560 2657 die
2589 2624 2647 2657 zu
2676 2605 2763 2656 der
2794 2622 2954 2670 gros-

691 2714 779 2750 zen
825 2697 993 2749 Classe
1041 2716 1136 2749 von
1186 2701 1517 2751 Vorsehriften
1568 2703 1699 2751 iiber·
1724 2703 1804 2752 die
1840 2702 2232 2752 Beschaffenheit
2266 2702 2352 2751 der
2386 2700 2659 2766 Opfergabe
2694 2698 2951 2763 gehon-eu,

691 2788 790 2837 und
821 2789 1002 2840 welche
1045 2791 1199 2840 selbot
1232 2791 1344 2841 bald
1382 2792 1460 2841 die
1497 2793 1908 2855 Ausschliessung
1941 2793 2170 2857 gewisser
2200 2793 2443 2842 Producte
2478 2808 2574 2841 von
2610 2791 2703 2840 den
2739 2790 2953 2856 Opfern

689 2882 757 2930 im
793 2882 1132 2945 Algemeinen,
1172 2884 1285 2933 bald
1319 2884 1404 2933 das
1443 2884 1624 2938 Verbot
1659 2886 1774 2935 oder
1807 2886 1968 2935 Gebot
2001 2886 2086 2936 der
2120 2886 2469 2949 Darbringung
2500 2884 2729 2948 gewisser
2758 2882 2952 2948 Opfer·

690 2972 845 3035 geben
897 2990 959 3023 an
1011 2974 1290 3023 bestimmte
1324 2976 1495 3026 G6tter
1529 2978 1905 3043 aussprechen.”
1955 2978 2115 3042 voigt,
2152 2982 2209 3027 ut
2245 2976 2371 3026 hano
2408 2976 2701 3025 sententiam
2739 2976 2954 3040 probet,

690 3068 885 3126 praeter
930 3064 1064 3113 Festi
1111 3065 1273 3115 locum
1317 3082 1462 3132 supra
1511 3067 1761 3117 laudatum
1809 3068 1958 3117 etiam
1998 3067 2057 3116 ad
2094 3074 2256 3134 partes
2295 3074 2436 3117 voest
2471 3066 2575 3119 Cic.
2612 3067 2670 3115 de
2688 3067 2841 3131 Legg.
2870 3068 2950 3117 11.

693 3154 740 3202 8.
781 3155 868 3203 19:
912 3162 1160 3221 certasque
1196 3157 1360 3221 fruges
1391 3165 1642 3223 certusque
1680 3159 1825 3208 boves
1860 3159 2053 3209 libanto
2086 3159 2235 3209 certis
2268 3159 2523 3209 sacrificiis
2538 3175 2594 3207 ae
2612 3158 2946 3217 diebus;20=

691 3244 996 3295 sacerdotes.
1018 3284 1030 3297 .
1051 3285 1062 3296 .
1084 3284 1096 3297 .
1130 3263 1252 3312 quae
1287 3249 1460 3313 cuique
1495 3250 1609 3299 divo
1646 3250 1847 3301 decorae
1881 3251 2139 3316 grataeque
2176 3252 2278 3300 sint
2310 3251 2503 3300 hostiae
2541 3250 2857 3316 providento.

759 3336 808 3396 2)
846 3334 1243 3386 Controversiam
1278 3339 1335 3387 de
1372 3338 1464 3389 hoo
1502 3340 1648 3390 verbo
1688 3346 1852 3391 natam
1890 3342 1960 3391 ita
1997 3342 2227 3392 dirimere
2261 3340 2449 3392 studuit
2486 3343 2651 3407 Voigt,
2686 3342 2741 3406 (l.
2762 3342 2799 3391 l.
2820 3359 2944 3408 pag.

695 3424 812 3489 567)
861 3432 917 3491 ut
964 3442 1052 3491 pro
1099 3429 1342 3493 postumia
1377 3430 1575 3481 rescribi
1607 3430 1803 3493 juberet
1838 3439 2181 3497 postumus,
2218 3448 2489 3498 provocans
2522 3433 2582 3482 ad
2619 3432 2943 3499 Apu12Met.

689 3516 756 3566 11.
793 3518 857 3565 30
895 3555 920 3577 „
941 3533 1157 3577 coenam,
1191 3535 1334 3583 quum
1370 3527 1595 3585 postuma
1625 3522 1889 3587 diligentia
1926 3531 2296 3589 praeparaverat
2331 3525 2508 3574 infelix
2543 3525 2718 3575 anus.'’
2754 3526 2941 3591 Itaque

689 3607 759 3654 sic
810 3609 1122 3659 statuendum
1173 3616 1315 3675 putet
1366 3611 1519 3670 „dass
1564 3614 1614 3661 in
1666 3613 1752 3662 der
1800 3630 1893 3663 von
1930 3615 2123 3664 Plinius
2159 3616 2422 3665 benutzten
2463 3616 2725 3680 Vorquelle
2760 3616 2941 3681 (Cato,

692 3698 859 3756 Varro,
897 3699 1097 3749 Verrius
1135 3701 1359 3759 Flaccus,
1399 3702 1579 3752 Fabius
1619 3704 1800 3763 Pictor,
1836 3706 1892 3757 L.
1928 3706 2083 3772 Piso‚)
2114 3706 2228 3769 jene
2263 3707 2339 3756 lex
2376 3707 2449 3756 als
2486 3714 2715 3773 postuma
2733 3708 2935 3758 Numae

683 3788 980 3848 bezeichuet,
1031 3791 1131 3840 und
1180 3791 1336 3841 damit
1371 3793 1422 3843 in
1473 3792 1866 3859 breviloquenter
1901 3796 2061 3846 Weise
2095 3797 2266 3861 besagt
2302 3814 2415 3857 war,
2450 3814 2502 3847 es
2538 3798 2658 3848 falle
2686 3798 2805 3861 jeus
2840 3800 2926 3849 lex

687 3896 812 3930 zwar
857 3881 910 3930 in
955 3880 1034 3929 die
1079 3882 1186 3931 Zeit
1229 3884 1352 3933 nach
1404 3884 1581 3945 Numa,
1611 3885 1768 3936 allein
1804 3904 1855 3937 es
1889 3887 2106 3953 verfolge
2140 3889 2355 3947 dieselbe
2389 3890 2468 3939 die
2508 3906 2603 3940 von
2637 3890 2811 3941 dessen
2850 3893 2935 3942 Sa·

682 3972 1072 4037 cralordnungen
1124 3981 1395 4025 vertretene
1443 3977 1731 4040 allgemeiue
1766 3978 2007 4039 Tendenz,
2044 3980 2135 4029 den
2169 3981 2410 4031 Aufwand
2448 3982 2527 4031 ffir
2561 3983 2767 4033 rituelle
2804 3986 2933 4033 Acte

687 4080 744 4113 zu
778 4062 1054 4115 mindern.”
1086 4066 1225 4116 Hanc
1259 4067 1420 4131 legem
1454 4069 1610 4133 igitur
1647 4070 1849 4121 eandem
1880 4072 2031 4123 fuisse
2062 4073 2317 4122 contendit
2347 4080 2491 4138 atque
2510 4074 2655 4123 illam
2672 4074 2768 4123 x11
2790 4076 2936 4125 tabu·

683 4153 843 4204 larum
893 4170 986 4219 qua
1033 4155 1181 4205 nimis
1215 4166 1527 4224 sumptuosae
1561 4162 1857 4225 respersioni
1891 4162 2061 4213 modus
2082 4169 2170 4213 est
2209 4164 2487 4230 impositus.
2526 4164 2687 4231 Quam
2723 4167 2928 4233 opinio-

681 4260 792 4294 nem
821 4245 924 4307 jsm
967 4252 1082 4296 ante
1114 4246 1266 4312 Voigt
1296 4250 1574 4314 protulerat
1607 4252 1791 4302 Schell.
1829 4254 1949 4319 (xn
1986 4255 2089 4304 tab.
2125 4256 2289 4321 reliq.)

754 4335 806 4400 3)
847 4336 910 4387 N.
946 4336 1008 4387 Η.
1045 4337 1175 4388 XIV.
1217 4339 1295 4389 12.
