3350 5250
1422 600 1502 662 11

353 804 674 884 „Luxuria
739 807 1034 893 primum,
1105 813 1244 874 tum
1314 807 1457 874 hinc
1531 809 1798 874 conflata
1866 807 1954 872 rei
2020 806 2343 872 familiaris
2414 828 2580 890 eges-

354 934 489 997 tas”
511 934 576 1019 1).
637 933 756 1009 Sic,
779 934 964 1014 ,inter
1028 957 1258 1014 causae,
1305 953 1466 1018 quae
1514 933 1837 1000 Caesarem
1886 934 1964 999 ad
2012 932 2323 998 turbanda
2372 932 2580 997 omnia

355 1082 426 1124 ac
489 1059 904 1146 permiscenda
982 1059 1392 1147 impulerunt,
1462 1060 1648 1126 etiam
1692 1061 1851 1126 hanc
1897 1061 2085 1126 fuisse
2131 1066 2319 1146 putat
2362 1059 2582 1125 Sueto-

354 1185 512 1264 nius,
556 1184 723 1270 quod
772 1207 975 1270 neque
1023 1208 1206 1272 opera
1252 1208 1679 1252 consummare
1726 1209 1886 1271 quae
1930 1185 2325 1266 instituisset,
2378 1208 2582 1270 neque
2628 1181 2633 1191 '

353 1311 560 1396 populi
606 1312 1147 1398 exspectationem,
1197 1334 1380 1396 quam
1431 1311 1508 1378 de
1555 1312 1830 1378 adventu
1879 1335 1993 1377 suo
2039 1312 2300 1392 fecisset,
2329 1312 2584 1410 privatis

355 1435 565 1522 opibus
611 1437 858 1523 explere
908 1443 1113 1523 posset
1137 1439 1208 1522 ²).
2614 1412 2621 1418 ι

445 1561 612 1643 Quae
659 1583 853 1646 quum
900 1562 992 1626 ita
1036 1562 1182 1642 sint,
1238 1585 1364 1628 non
1411 1570 1506 1630 est
1553 1563 1906 1629 mirandum
1950 1563 2112 1647 quod
2140 1563 2205 1628 in
2231 1563 2625 1644 civitatibus,

356 1669 679 1770 paucorum
725 1687 986 1774 imperio
1033 1686 1332 1768 subjectis
1377 1687 1442 1752 id
1491 1689 1821 1776 praecipue
1866 1694 2131 1774 egerunt
2178 1688 2583 1773 legislatores,

357 1815 430 1874 ut
486 1810 702 1877 luxum
763 1812 931 1876 omni
992 1794 1176 1898 opera
1223 1786 1682 1900 impugnarent.
1732 1815 1835 1880 Sic
1880 1818 2224 1901 Lycurgus,
2275 1822 2351 1879 ut
2396 1829 2587 1900 supra

359 1938 725 2015 monuimus,
771 1937 1110 2004 ferreorum
1156 1938 1409 2004 induxit
1448 1960 1847 2006 nummorum
1896 1962 2101 2018 usum,
2151 1963 2276 2024 quo
2323 1940 2587 2019 facilius,

359 2065 591 2148 opinor,
657 2069 1066 2128 mercaturam
1129 2061 1506 2149 proh'iberet,
1569 2072 1758 2149 atque
1800 2065 1889 2129 ita
1933 2066 2384 2148 οἷπερημωθεῖσα
2428 2066 2627 2132 κατὰ.

360 2189 548 2267 μικρὸν
619 2167 652 2262 ἦ
715 2187 905 2270 τρυφὴ
954 2193 1066 2252 τῶν
1109 2187 1512 2270 ζωπυρούντων
1556 2188 1659 2253 καὶ
1705 2189 2045 2272 τρεφόντων,
2091 2190 2246 2264 αὕτη
2290 2191 2362 2256 δι’
2410 2192 2596 2266 αὐτῆς

359 2284 768 2400 μαραίνζοιτο)
801 2313 894 2399 3).
964 2312 1142 2378 Cives
1211 2287 1391 2401 porro
1461 2315 1875 2380 communiter
1948 2336 2204 2380 coenare
2267 2316 2473 2403 jussit,
2534 2322 2597 2381 et

358 2439 532 2504 certis
597 2437 747 2504 cibis
795 2438 1198 2524 obsoniisque
1251 2440 1368 2520 uti,
1419 2438 1550 2505 οἴκοι
1599 2440 1661 2505 δὲ
1708 2440 1795 2520 μη
1842 2441 2172 2521 διαιτᾶσθαι
2217 2439 2597 2506 κατακλιθέν-

356 2587 466 2639 τας
521 2565 599 2639 εἷς
660 2565 966 2647 στρωμνὰς
1017 2573 1362 2639 πολυτελεῖς
1408 2565 1508 2631 καὶ
1554 2565 1874 2648 τραπέζαις,
1922 2567 1980 2633 έν
2030 2566 2196 2649 χερσὶ
2242 2566 2596 2653 δημιουργῶν

359 2692 458 2757 καὶ
504 2693 794 2774 μαγείρων
839 2694 948 2758 ὑπὸ
996 2692 1218 2767 σκότος,
1270 2692 1456 2775 ὥσπερ
1503 2694 1807 2786 οἰδηφοὲγα
1852 2692 2005 2775 ζῷα,
2049 2692 2448 2772 πιαινομένους
2494 2692 2596 2759 καὶ

361 2816 784 2900 διαφθείροντας
844 2816 981 2897 ἅμα
1033 2826 1156 2892 τοῖς
1202 2817 1358 2893 ἤθεσι
1403 2820 1485 2885 τα
1531 2820 1810 2899 σώματα,
1856 2820 1996 2901 πρὸς
2043 2822 2245 2884 ποῖσαν
2290 2811 2598 2898 ε’πιθυμίοῖν

360 2942 630 3021 ἀνειμένα
696 2942 800 3008 καὶ
869 2944 1232 3023 πλησμονῖςν,
1279 2945 1516 3027 μακρῶν
1554 2946 1664 3024 μὲν
1706 2944 1911 3020 ὕπνων,
1954 2947 2166 3026 θερμῶν
2192 2945 2275 3047 κδὲ
2331 2950 2598 3028 λουτρῶν,

363 3078 580 3144 πολλῆς
633 3068 696 3135 δὲ
743 3050 999 3151 ἦσυχίας
1045 3069 1148 3136 καὶ
1196 3074 1398 3153 τρόπον
1446 3072 1577 3137 τινα
1621 3071 1920 3147 νοσηλείας
1966 3073 2346 3153 καθημερινῆς
2395 3055 2602 3150 δεομέζ

363 3219 454 3270 νην
476 3197 568 3285 ⁴).
639 3196 1102 3283 Praescriptum
1165 3204 1316 3299 eratx
1363 3205 1434 3261 ut
1496 3198 1646 3264 οἰκία
1706 3201 1878 3263 πᾶσα
1922 3197 2029 3271 την
2074 3199 2185 3277 μὲν
2230 3196 2438 3279 ὀροφὴν
2482 3198 2614 3277 ἀπὸ·

363 3324 642 3398 πελέκεως
709 3324 1093 3407 εἰργασμένην
1163 3322 1276 3407 ἔχη
1345 3325 1457 3399 τὰς
1525 3325 1588 3390 δὲ
1651 3323 1819 3407 θύρας
1857 3326 1979 3391 οὶπὸ
2018 3326 2233 3409 πρίονος
2276 3325 2452 3403 μόνου
2498 3324 2600 3389 καὶ

367 3450 603 3523 μηδενὸς
649 3453 762 3514 τῶν
805 3448 1003 3515 ἄλλων
1047 3450 1354 3531 ἐργαλείων
1380 3450 1488 3537 5)..
1527 3450 1625 3515 Ad
1671 3473 1801 3515 rem
1848 3452 2193 3515 vestiariam
2246 3451 2413 3535 quod
2454 3451 2605 3517 atti·

367 3582 488 3655 net,
536 3575 918 3661 „juvenibus
980 3598 1103 3641 non
1149 3577 1420 3663 amplius
1468 3599 1594 3641 una
1646 3583 1816 3641 veste
1863 3578 1957 3641 uti
2010 3585 2139 3644 toto
2162 3599 2325 3642 anno
2349 3577 2603 3663 permis·

367 3721 495 3764 sum
557 3723 672 3765 nec
717 3723 1093 3785 quemquam
1143 3702 1380 3767 cultius
1428 3724 1618 3787 quam
1667 3702 1933 3768 alterum
1981 3702 2289 3788 progredi,
2340 3725 2416 3767 ne
2463 3703 2599 3767 imi-

366 3826 514 3889 tatio
593 3826 659 3891 in
709 3825 1025 3891 luxuriam
1079 3828 1464 3892 verteretur”
1491 3826 1562 3911 ⁶).
1609 3828 1803 3893 Moris
1848 3835 1979 3916 erat
2024 3833 2339 3913 praeterea
2378 3826 2606 3927 ‘pueros

427 4174 478 4237 1)
512 4172 691 4222 Florus
726 4172 813 4233 IV,
848 4190 888 4223 c.
927 4174 975 4223 l.
1382 4174 1436 4235 2)
1470 4172 1607 4223 Caes.
1641 4189 1683 4222 c.
1727 4174 1807 4225 80.

431 4266 484 4328 3)
519 4250 654 4315 mut.
675 4265 802 4352 'Lym
838 4280 880 4316 ο.
916 4267 963 4315 9.
1365 4265 1422 4329 4)
1457 4264 1581 4314 Ihm.
1617 4280 1658 4314 ο.
1698 4266 1777 4315 10.
2212 4302 2216 4306 .

437 4358 487 4422 5)
521 4356 649 4417 Ibid.
684 4374 726 4407 c.
765 4358 846 4408 13.
985 4354 998 4365 ’
1177 4430 1182 4441 .
1379 4357 1430 4422 6)
1460 4356 1592 4407 Just.
1625 4356 1731 4423 111..
1764 4357 1811 4407 8.
1848 4354 1925 4409 Cf.
1966 4355 2122 4407 Arist.
2158 4356 2268 4407 Pol.
2304 4356 2393 4406 LV.
2428 4358 2477 4406 9.
