3350 5250
1533 604 1646 713 19'

541 858 662 924 Sed
711 858 894 944 plura
940 856 1263 924 accedunt.
1315 860 1408 923 Ac
1452 858 1723 945 primum
1771 856 2023 941 quidem
2068 878 2264 941 quum
2303 858 2491 923 luxus
2514 858 2683 945 apud

453 983 636 1048 rudes
683 990 1078 1069 agrestesque
1125 983 1393 1069 populos
1442 1005 1512 1048 ea
1559 983 1719 1047 ratio
1764 1005 1903 1047 esse
1937 965 2151 1063 soleat,
2203 990 2276 1047 ut
2314 986 2381 1051 in
2408 990 2679 1049 mortuo·

461 1131 598 1173 rum
669 1108 848 1174 cultu
911 1110 1179 1194 primum
1243 1132 1307 1173 se
1369 1106 1673 1187 ostendat,
1737 1116 1925 1193 atque
1990 1108 2137 1173 inde
2181 1108 2247 1173 in
2300 1132 2686 1176 communem

456 1234 772 1299 hominum
877 1234 1064 1325 vitam
1147 1232 1575 1311 transferatur,
1661 1233 1839 1298 nulla
1922 1234 2173 1298 omnino
2255 1235 2683 1320 sepulcrorum

457 1338 857 1424 monumenta
900 1360 1012 1424 il-lo
1059 1366 1335 1445 tempore
1379 1358 1608 1424 Romae
1655 1362 1844 1427 fuisse
1892 1361 2041 1425 satis
2090 1368 2354 1426 constat.
2397 1360 2579 1441 Quod
2607 1334 2688 1426 *in

457 1484 710 1551 Etruria
748 1484 932 1569 longe
970 1484 1150 1549 aliter
1173 1508 1237 1549 se
1262 1482 1552 1550 habuisse
1579 1484 1896 1569 reliquiae,
1923 1493 2133 1551 nostra
2156 1493 2359 1551 aetate
2386 1482 2692 1573 repertae,

459 1611 605 1677 satis
673 1610 1121 1677 demonstrant.
1185 1610 1427 1675 Deinde
1486 1612 1813 1697 scriptores
1880 1619 2071 1695 atque
2119 1618 2335 1698 poetae
2382 1612 2469 1676 ita
2516 1610 2687 1675 illam

459 1743 725 1802 aetatem
793 1742 1353 1823 repraesentarunt,
1403 1742 1478 1799 ut
1521 1736 1598 1800 de
1635 1737 2035 1821 simplicitate
2076 1738 2210 1823 ejus
2246 1758 2372 1801 non
2414 1735 2700 1801 dubitare

462 1862 843 1927 viderentur.
892 1861 1284 1927 Postremum
1327 1862 1526 1926 multa
1564 1869 1807 1927 exstant
1848 1868 2123 1927 veterum
2150 1862 2527 1943 testimonia,
2554 1860 2691 1945 qui-

463 1986 578 2053 bus
622 1986 850 2052 diserte
893 1988 1290 2053 confirmatur
1337 1987 1561 2054 vit-ium
1609 1987 1771 2053 illud
1820 1988 2023 2052 multo
2063 1994 2205 2074 post
2231 1977 2696 2051 'Romaminva-

462 2112 628 2177 sisse.
678 2111 858 2193 Quae
903 2113 1237 2197 quum-ita
1286 2113 1428 2193 sint,
1468 2112 1817 2178 rationibus
1862 2112 2149 2178 omnibus
2183 2111 2508 2177 subductis
2556 2134 2694 2177 vere

462 2247 736 2307 statuere
785 2246 960 2327 pos'se
1011 2240 1163 2305 mihi
1212 2240 1440 2321 videor,
1490 2261 1720 2307 errasse
1760 2240 1919 2305 viros
1958 2239 2171 2304 doctos
2208 2240 2320 2323 qui
2364 2245 2693 2325 putarunt,

358 2444 368 2451 ,
463 2388 651 2432 unam
697 2366 1034 2431 alteramve
1092 2388 1164 2430 ex
1214 2356 1462 2431 Numae
1508 2365 1755 2451 legibus
1799 2365 1874 2431 ad
1923 2366 2241 2431 luxuriam
2288 2359 2688 2431 coercendam

461 2494 868 2580 pertinuisse:
917 2492 1190 2558 Boxman
1218 2494 1264 2579 1)
1315 2493 1454 2558 dico
1493 2499 1558 2557 et
1598 2492 1887 2558 Pennink
1909 2496 1981 2578 2).
2005 2492 2270 2587 ‘Accedit'
2295 2494 2459 2577 quod
2491 2480 2701 2557 Numa

461 2643 654 2705 quum
693 2621 858 2707 leges
895 2621 1136 2687 civitati
1174 2618 1470 2688 'scriberet
1495 2643 1616 2686 non
1642 2628 1769 2684 tam
1795 2621 1869 2685 ad
1898 2591 2212 2706 publicam
2238 2621 2371 2707 ejus
2398 2620 2695 2686 rationem

463 2748 797 2834 respexisse
844 2748 1108 2829 videtur,
1157 2769 1343 2833 quam
1390 2747 1466 2812 ad
1516 2747 1632 2811 hoc
1673 2753 1748 2811 ut
1784 2750 2082 2830 „animos
2118 2746 2404 2811 ardentes
2443 2767 2698 2828 consue·

463 2873 684 2964 tudine
723 2879 786 2939 et
811 2873 1152 2960 cupiditate
1181 2871 1449 2938 bellandi
1475 2859 1847 2957 religionum
1874 2872 2257 2937 caerimoniis
2283 2872 2596 2957 mitigaret
2620 2874 2689 2956 ⁸).

553 3004 726 3067 Haec
761 3009 972 3066 autem
1011 2999 1417 3066 consideratio
1456 2998 1579 3064 diei
1617 2999 1727 3062 vix
1765 3007 1991 3085 potest,
2034 3005 2416 3086 quantopere
2455 2997 2532 3062 ad
2558 2998 2701 3063 Nu·

465 3151 599 3193 mae
643 3128 935 3193 instituta
980 3126 1342 3214 explicanda
1389 3126 1608 3191 valeat.
1651 3125 1751 3190 Sic
1790 3126 1888 3189 lex
1926 3126 2037 3190 illa
2076 3147 2201 3210 qua
2242 3125 2593 3206 constituit,
2625 3131 2698 3189 ut

464 3254 722 3339 pisces
766 3254 903 3338 qui
951 3254 1362 3339 squamosi
1403 3275 1559 3318 non
1599 3259 1892 3330 essent,
1940 3255 2025 3316 ni
2067 3251 2700 3338 pollucereut4),

465 3403 590 3445 non
630 3379 708 3444 ad
732 3380 1044 3445 luxuriam
1071 3380 1394 3466 pertinuit,
1420 3377 1525 3444 sed
1553 3378 1836 3463 religiosa
1860 3377 2163 3462 quaedam
2190 3375 2527 3463 prohibitio
2553 3376 2699 3456 fuit,

467 3505 633 3589 quod
673 3506 870 3592 pisces
893 3529 1016 3571 non
1042 3523 1396 3592 squamosos
1423 3504 1626 3569 minus
1650 3509 1869 3590 gratos
1890 3527 2018 3569 esse
2043 3503 2161 3568 diis
2186 3503 2484 3568 erederet.
2513 3501 2697 3582 Quod

470 3654 664 3717 quum
736 3656 832 3697 res
899 3633 1034 3719 ipsa
1100 3633 1257 3698 ferre
1327 3631 1608 3696 videatur
1681 3636 1745 3696 et
1811 3652 1919 3717 per
1980 3653 2044 3694 se
2100 3629 2247 3694 satis
2310 3628 2704 3714 perspicuum

469 3757 571 3838 sit,
634 3763 770 3822 tum
833 3757 1234 3824 confirmatur
1299 3779 1334 3820 a
1406 3757 1602 3835 Festo,
1665 3756 1845 3840 cujus
1909 3754 2093 3820 verba
2154 3755 2303 3820 haec
2350 3763 2503 3820 sunt
2550 3755 2713 3838 (253

476 3885 590 3970 A):
647 3884 1016 3971 „pollucere
1077 3907 1308 3950 merces
1375 3885 1552 3969 (quas
1597 3884 1802 3948 cuivis
1846 3883 1964 3947 deo
2011 3883 2215 3969 liceat)
2264 3890 2412 3947 sunt
2458 3883 2587 3948 far.
2614 3931 2628 3946 .
2652 3930 2703 3947 ..

541 4121 596 4188 1)
629 4121 702 4171 De
736 4121 840 4186 leg„
865 4123 1069 4175 Roman.
1108 4126 1288 4187 sumpt.
1323 4137 1437 4186 pag.
1473 4120 1538 4170 20
1573 4131 1703 4184 seqq.

539 4213 592 4279 2)
628 4213 701 4263 De
734 4213 854 4264 luxu
887 4221 938 4264 et
971 4215 1100 4278 legg.
1135 4218 1317 4279 sumpt.
1349 4229 1468 4278 pag.
1511 4212 1595 4262 21.

539 4306 590 4371 3)
622 4304 725 4355 Cic.
767 4305 826 4356 de
870 4306 988 4370 Rep.
1019 4306 1086 4355 11.
1122 4307 1198 4359 14,
1231 4306 1313 4356 26.
1331 4303 1469 4353 cmc
1488 4303 1636 4367 Legg.
1655 4303 1723 4352 11.
1750 4303 1822 4352 10.
1845 4302 1935 4361 283
1961 4302 2036 4351 12.
2056 4302 2121 4352 29
2138 4321 2151 4360 3
2170 4301 2327 4350 Tacit.
2348 4303 2474 4351 Ann.
2496 4300 2589 4350 111.
2626 4301 2711 4352 2⁶.

538 4397 591 4462 4)
629 4377 830 4446 Cassius
861 4396 1232 4462 Heminaa'pud
1270 4396 1401 4467 Plin.
1437 4395 1501 4446 H.
1539 4394 1600 4444 N.
1638 4393 1822 4442 XXXII
1861 4393 1908 4453 2,
1946 4397 1993 4443 4.
