3350 5250
1537 609 1616 675 '73

468 817 630 881 latae
691 821 861 881 sunt.
925 814 1022 880 De
1083 814 1220 901 lege
1275 816 1502 902 Oppia,
1549 840 1711 902 quae
1758 816 1981 882 nimias
2027 816 2091 881 in
2139 817 2431 901 corporis.
2466 804 2711 882 cultum

469 945 777 1030 impensas
822 943 957 1007 fieri
1004 941 1225 1038 ¹vetuit,
1267 944 1394 1029 jam
1444 946 1687 1030 egimus
1701 972 1720 1025 3
1768 945 1965 1032 prima
2014 951 2247 1025 autem,
2298 950 2373 1008 ut
2408 944 2711 1009 Macrobii

471 1066 672 1133 verbis
741 1075 903 1148 utar,
973 1069 1050 1133 de
1121 1070 1326 1133 coenis
1351 1070 1400 1155 1)
1470 1070 1571 1134 lex
1634 1070 1863 1135 Orchia
1926 1070 2001 1135 ad
2050 1071 2355 1155 populum
2406 1070 2709 1156 pervenit.

472 1193 639 1274 Quid
688 1194 803 1257 hac
848 1193 986 1277 lege
1033 1196 1483 1280 praescriptum
1529 1195 1741 1275 fuerit,
1780 1217 1969 1281 supra
1986 1196 2114 1281 jam
2142 1196 2411 1261 vidimus
2434 1222 2451 1274 ;
2480 1194 2557 1259 de
2581 1195 2717 1280 ejus

472 1317 730 1409 consilio
776 1340 847 1382 ac
890 1318 1132 1383 ratione
1178 1341 1349 1383 nunc
1401 1341 1673 1404 agamus,
1920 1404 1935 1418 ι

561 1442 805 1508 Priscae
852 1444 1289 1511 Romanorum·
1322 1445 1670 1531 frugalitati
1720 1445 1995 1511 multum
2040 1444 2324 1510 nocuisse
2368 1443 2621 1509 divitias
2647 1444 2713 1509 in

475 1568 734 1633 Graecia
778 1574 842 1632 et-
889 1568 1042 1633 Asia
1087 1577 1468 1653 comparatas
1514 1578 1580 1634 et
1627 1592 1736 1655 per
1782 1593 1845 1634 se
1892 1570 2222 1635 verisimile
2263 1575 2358 1634 est
2396 1576 2459 1634 et
2484 1568 2714 1635 diserte

474 1700 686 1758 narrat
745 1691 988 1771 Livius,
1058 1694 1238 1777 cujus
1306 1692 1490 1758 verba
1558 1694 1634 1758 de
1698 1694 1814 1759 hac
1879 1717 1942 1759 re
1987 1717 2173 1781 supra
2220 1695 2571 1760 attulimus.
2622 1695 2715 1758 Ex

474 1819 664 1904 hujus
729 1818 893 1882 mod'i
955 1824 1164 1881 autem
1227 1819 1580 1904 corruptela
1625 1820 1759 1884 fieri
1808 1842 1928 1884 non
1976 1827 2243 1906 poterat,
2291 1819 2445 1903 quin
2492 1820 2721 1903 gravis-

475 1944 702 2007 simum
766 1942 1068 2007 nobilium
1133 1943 1411 2027 potentia
1464 1950 1714 2029 caperet
1758 1944 2223 2021 detrimentum,
2273 1944 2506 2029 quippe
2556 1966 2716 2028 quae

481 2054 593 2132 1106
652 2068 957 2153 imprimis
1017 2067 1421 2132 fundamento
1484 2069 1745 2149 nitatur,
1803 2075 1877 2160 ut
1922 2068 2156 2153 singuli
2205 2090 2445 2133 morum
2496 2069 2723 2133 severi-

479 2201 627 2275 tate,
689 2196 983 2279 omniq'ue
1017 2178 1098 2258 ’111
1145 2194 1306 2259 vitae
1356 2193 1532 2259 cultu
1580 2190 1981 2283 simplicitate
2026 2202 2088 2257 et
2134 2193 2363 2259 laboris
2413 2193 2717 2280 patientia

481 2319 880 2399 venerabiles,
929 2306 1484 2405 ad‘imperandum
1532 2318 1973 2384 humilioribus
2018 2318 2150 2383 nati
2198 2341 2327 2383 esse
2366 2315 2715 2382 videantur.

479 2444 693 2529 Longe
739 2452 949 2510 autem
999 2442 1076 2507 ab
1120 2444 1237 2508 hac
1284 2445 1520 2508 ratione
1567 2442 1885 2509 recessisse
1932 2443 2240 2507 Romanos
2278 2442 2606 2528 optimates
2651 2449 2723 2507 ut

481 2570 916 2650 demonstrem,
978 2570 1320 2636 describam
1381 2570 1798 2655 fragmentum
1862 2569 2177 2648 orationis,
2224 2592 2349 2654 qua
2397 2568 2466 2634 G.
2517 2568 2723 2634 Titius

480 2697 733 2782 quidam
807 2696 1106 2762 Fanniam
1177 2697 1378 2782 legem
1447 2697 1643 2761 suasit
1716 2703 1873 2761 teste
1920 2669 2237 2760 Macrobio
2285 2694 2410 2760 III.
2464 2697 2566 2761 16.
2619 2699 2721 2762 15.

481 2821 802 2903 „Ludunt
871 2823 1003 2887 alea
1073 2819 1366 2900 studiose,
1438 2822 1705 2887 delibuti
1774 2823 2135 2905 unguentis,
2203 2822 2421 2886 scortis
2486 2822 2723 2907 stipati.

481 2947 606 3012 Ubi
668 2916 854 3012 horae
884 2949 1122 3012 -decem
1184 2955 1353 3027 sunt,
1411 2947 1636 3033 jubent
1701 2949 1965 3032 puerum
2032 2947 2231 3012 vocari
2280 2954 2352 3010 ut
2398 2946 2719 3010 comitium

483 3081 584 3138 eat
639 3081 1091 3160 percontatum,
1142 3073 1294 3157 quid
1334 3073 1400 3137 in
1452 3073 1582 3137 foro
1629 3081 1877 3158 gestum
1927 3074 2029 3152 sit,
2077 3073 2187 3156 qui
2234 3073 2563 3147 suaserint,
2616 3073 2725 3156 qui

483 3198 906 3277 dissuaserint,
978 3203 1134 3282 quot
1200 3197 1404 3262 tribus
1463 3197 1786 3282 jusserint,
1857 3205 2013 3281 quot
2060 3197 2393 3260 vetuerint.
2445 3194 2603 3260 Inde
2648 3197 2727 3261 ad

484 3325 804 3389 comitium
869 3324 1124 3404 vadunt,
1187 3346 1265 3388 116
1327 3323 1507 3388 litem
1573 3345 1747 3390 suam
1814 3323 2060 3387 faciant.
2114 3321 2281 3387 Dum
2329 3329 2501 3403 eunt,
2548 3322 2729 3386 nulla

482 3459 575 3515 est
640 3451 706 3514 in
777 3451 1103 3536 angiporto
1164 3450 1490 3534 amphora,
1555 3470 1741 3533 quam
1797 3471 1919 3512 non
1966 3448 2289 3534 impleant,
2339 3449 2569 3535 quippe
2617 3448 2728 3531 qui

485 3577 744 3642 vesicam
807 3575 1054 3661 plenam
1115 3575 1245 3639 vini
1305 3573 1594 3639 habeant.
1645 3573 1930 3639 Veniunt
1994 3575 2059 3636 in
2126 3573 2469 3652 comitium,
2519 3573 2729 3637 tristes

477 3703 704 3787 jubent
764 3701 989 3765 dicere.
1056 3700 1341 3781 Quorum
1407 3701 1733 3784 negotium
1797 3705 1910 3776 est,
1976 3703 2250 3776 narrant,
2292 3698 2488 3782 judex
2534 3704 2729 3762 testes

483 3827 703 3912 poscit,
761 3826 933 3911 ipsus
989 3826 1042 3888 it
1090 3825 1415 3890 minctum.
1465 3823 1591 3888 Ubi
1639 3824 1824 3901 redit,
1874 3825 1963 3888 ait
2010 3847 2073 3887 se
2121 3822 2347 3887 ommia
2392 3822 2734 3900 audivisse,

485 3949 732 4015 tabulas
794 3949 1011 4034 poscit,
1074 3948 1287 4014 literas
1333 3948 1619 4034 inspicit:
1669 3951 1773 4012 vix
1821 3947 1967 4034 prae
2015 3948 2157 4012 vino
2202 3947 2473 4011 sustinet
2519 3945 2730 4032 palpe-

555 4163 608 4229 1)
645 4162 891 4227 Quantam
935 4178 1104 4212 curam
1150 4166 1450 4226 quantosque
1496 4165 1721 4225 sumptus
1770 4159 1982 4209 Romani
2016 4160 2066 4208 iu
2105 4157 2268 4224 gulam
2304 4156 2653 4222 impenderint,
2690 4156 2734 4206 si

486 4254 595 4316 quis
641 4253 766 4302 scire
811 4251 993 4317 cupiat,
1041 4251 1096 4301 iu
1142 4250 1319 4315 primis
1355 4251 1488 4314 legat
1523 4250 1663 4299 Varr.
1703 4250 1776 4298 De
1812 4249 1871 4298 R.
1914 4249 1970 4298 R.
2006 4249 2101 4298 111.
2139 4247 2215 4297 cf.
2254 4249 2405 4298 etiam
2442 4248 2638 4297 Dureau
2673 4247 2732 4296 de

488 4345 541 4394 la
573 4343 730 4393 Malle
765 4343 1033 4393 Ecouomie
1067 4341 1312 4408 politique
1345 4341 1430 4391 des
1466 4342 1705 4391 Romaina
1736 4341 1796 4390 Τ.
1832 4341 1901 4392 11.
1938 4357 1979 4390 c.
2017 4341 2097 4405 18,
2135 4341 2215 4394 19.
2249 4340 2331 4389 20.
