3350 5250
1706 532 1745 592 6

691 738 1110 804 Romanorum
1183 737 1624 824 rempublicam
1682 738 1747 803 in
1816 737 2037 804 iisdem
2112 737 2533 803 fundamentis
2575 737 2852 824 positam

604 866 792 931 fuisse
839 865 994 929 effici
1037 851 1243 951 potest
1287 887 1361 929 ex
1399 865 1496 942 iis,
1538 887 1697 949 quae
1735 864 1812 930 de
1838 865 2319 950 magistratuum
2344 870 2649 950 potestate
2674 864 2850 950 apud

603 992 927 1077 scriptores
995 990 1224 1054 tradita
1293 990 1728 1055 inveniuntur.
1796 988 1919 1054 Hic
1978 989 2139 1054 illud
2187 997 2548 1076 reputemus
2598 1011 2851 1054 necesse

607 1099 720 1197 est,
769 1115 1157 1180 nobilitatem
1211 1115 1546 1180 Romanam
1599 1138 1722 1181 non
1770 1117 2072 1201 sanguine
2119 1121 2231 1180 aut
2270 1138 2495 1202 genere
2521 1115 2849 1182 fundatam

606 1243 814 1322 fuisse,
889 1242 994 1307 sed
1059 1265 1132 1308 ex
1194 1242 1272 1306 iis
1333 1241 1686 1307 constitisse
1734 1243 1846 1326 qui
1892 1241 1970 1306 ob
2018 1247 2224 1326 gestos
2268 1241 2531 1308 honores
2576 1241 2855 1326 reliquos

609 1369 770 1432 cives
815 1366 1184 1434 auctoritate
1231 1375 1611 1453 superarent.

704 1494 802 1557 Ita
861 1493 1124 1580 legimus
1170 1493 1236 1558 in
1285 1492 1596 1558 Ciceronis
1642 1493 1816 1584 libris
1863 1494 1940 1558 de
1982 1491 2278 1578 Legibus,
2325 1495 2395 1566 in
2438 1492 2669 1578 quibus
2714 1509 2859 1580 per-

613 1619 805 1684 fectae
845 1597 850 1602 .
886 1618 1262 1705 reipublicae
1345 1591 1680 1706 imaginem
1764 1617 2156 1683 adumbravit
2248 1619 2859 1704 „Magistratus

611 1769 757 1810 nec
825 1743 1398 1809 oboedientem
1470 1753 1534 1808 et
1603 1744 1931 1809 noxium
2000 1745 2253 1808 civem
2332 1743 2617 1822 multa,
2692 1742 2859 1808 vin·

616 1869 810 1948 clis,
878 1868 1359 1934 verberibus
1429 1869 1852 1933 coerceto’'
1879 1871 1926 1954 1)
1992 1876 2055 1933 et
2102 1868 2267 1954 apud
2315 1867 2685 1954 Dionysium
2732 1867 2919 1935 Ha-’

618 1994 1118 2060 licarnassensem
1185 2045 1224 2068 ‚‚
1245 1995 1412 2074 νόμον
1483 1995 1769 2078 ἐκύρωσαν
1842 1987 2199 2080 (Aternius
2232 2004 2297 2061 et
2356 1995 2653 2083 Tarpejus
2716 2019 2856 2062 con-

619 2123 806 2207 sules)
855 2120 945 2187 ἵνα
991 2129 1128 2194 ταῖς
1174 2123 1395 2203 ἀρχαῖς
1443 2119 1543 2203 ἐξῇ
1591 2121 1817 2194 πάσαις
1866 2121 1997 2195 τοὺς
2049 2123 2610 2200 ἀκοσμοῦντας
2649 2122 2682 2197 ἢ
2723 2147 2857 2188 παι-

617 2252 1157 2331 ραενομοῦντας
1200 2248 1278 2321 εἰς
1323 2250 1430 2322 τὴν
1475 2249 1691 2312 ἑαυτῶν
1738 2244 1997 2323 ἐξουσίαν
2032 2245 2401 2328 ζημιοῦν”
2430 2247 2501 2334 2).
2546 2249 2667 2314 His
2712 2248 2860 2314 locis

619 2377 782 2458 inter
845 2399 906 2438 se
973 2374 1340 2460 comparatis
1385 2376 1583 2460 primo
1629 2381 1883 2460 aspectu
1932 2374 2328 2460 perspicuum
2375 2375 2747 2458 fit,'quanta
2792 2375 2857 2438 in

622 2503 784 2566 cives
845 2500 1205 2565 dominandi
1275 2506 1546 2586 potestas
1611 2499 2077 2586 magistratibus
2140 2523 2423 2565 concessa
2472 2508 2649 2566 esset.
2697 2500 2858 2566 Nam

582 2602 982 2719 *woepoevopeei'v
1051 2627 1202 2711 quid
1271 2627 1352 2691 sit
1421 2625 1571 2691 adeo
1635 2648 1856 2711 vagum
1926 2633 2021 2691 est
2078 2633 2267 2711 atque
2330 2625 2713 2713 ambiguum,
2787 2635 2862 2691 ut

622 2753 802 2819 facile
845 2719 1240 2839 intelligatur
1287 2753 1446 2817 nihil
1495 2754 1803 2817 committi
1850 2752 2147 2839 potuisse,
2195 2753 2363 2838 quod
2410 2776 2533 2819 non
2580 2754 2700 2823 suh
2738 2778 2857 2819 ma-

625 2881 1003 2967 gistratuum
1058 2846 1799 2943 coercitionem-caderet.
1846 2877 2005 2959 Quis
2052 2878 2247 2963 igitur
2296 2880 2558 2944 miretur
2605 2880 2669 2945 in
2718 2880 2863 2944 civi-

587 3013 778 3085 ‘tate,
825 3006 890 3069 in
931 3026 1056 3089 qua
1102 3004 1326 3068 civium
1371 3003 1615 3067 vivendi
1663 3004 1824 3068 ratio
1869 3004 2050 3089 plane
2096 3027 2131 3068 a
2178 3004 2677 3089 magistratuum.
2708 3004 2865 3071 arbi-

628 3132 748 3195 trio
788 3131 1102 3216 penderet,
1145 3152 1466 3194 censuram
1504 3152 1663 3213 quae
1708 3129 1854 3193 olim
1895 3130 1972 3195 ad
1997 3131 2227 3197 civium
2262 3153 2591 3197 numerum
2618 3138 2859 3196 tantum

629 3256 1081 3340 facultatesque
1151 3256 1604 3341 cognoscendas
1672 3256 2093 3341 pertinuisset,
2145 3256 2465 3342 paulatim·
2492 3258 2572 3323 ad
2624 3280 2857 3323 morum

633 3406 841 3447 curam
903 3381 1154 3445 relatam
1203 3379 1377 3445 esse?
1423 3380 1585 3446 Nam
1632 3381 2151 3465 quemadmodum
2200 3382 2309 3465 qui
2357 3381 2652 3448 honorem
2700 3390 2865 3469 pete-

630 3508 779 3573 bant
839 3516 982 3572 ante
1042 3508 1436 3572 comitiorum
1500 3507 1660 3572 diem
1727 3509 1977 3572 nomina
2024 3484 2492 3593 profiterentur,
2540 3517 2616 3574 ut
2661 3510 2867 3596 explo-

634 3640 871 3699 raretur
939 3656 1088 3698 num
1163 3632 1335 3719 digni
1405 3641 1625 3714 essent,
1697 3634 1807 3718 qui
1866 3634 2136 3717 aliquam
2202 3633 2577 3727 reipublicae
2629 3640 2865 3722 partem

635 3766 1037 3845 capesserent,
1090 3766 1573 3823 consentaneum
1623 3766 1717 3834 est
1762 3759 1825 3824 in
1875 3781 2064 3825 censu
2110 3760 2348 3845 agendo
2377 3782 2593 3825 eorum
2621 3765 2862 3825 tantum

634 3886 935 3949 rationem
997 3884 1270 3949 habitam
1327 3908 1481 3965 esse,
1527 3886 1637 3971 qui
1684 3886 1845 3951 vitae
1894 3906 2260 3970 morumque
2305 3886 2669 3973 probassent
2712 3888 2867 3951 inte-

633 4012 943 4097 gritatem.
1009 4012 1074 4076 Si
1139 4012 1238 4075 cui
1301 4018 1512 4076 autem
1562 4012 1922 4097 suffragium
1970 4012 2240 4076 adimere
2289 4012 2519 4077 vellent
2565 4036 2863 4093 censores,

699 4286 748 4351 1)
782 4286 874 4335 111.
922 4287 967 4335 s.
1005 4286 1050 4335 6.
1581 4284 1636 4348 2)
1675 4284 1732 4333 x.
1772 4284 1849 4334 so.
