3350 5250
1462 579 1542 640 25

361 791 728 852 unctura
796 788 1196 882 tollitur,
1265 788 1698 873 omnisque
1768 787 2454 873 circumpotati03
2518 808 2614 851 ne

357 918 857 996 sumptuosa
897 913 1332 999 respersio,
1377 936 1468 978 ne
1506 914 1807 998 longae
1845 934 2187 978 coronae
2226 934 2369 977 nec
2402 933 2615 976 acer·

357 1056 524 1115 rae;
593 1046 1106 1134 praetereantur.
1163 1041 1216 1106 b.
1280 1039 1447 1106 Fest.
1496 1062 1637 1126 pag.
1694 1043 1815 1106 158
1866 1039 1953 1104 M.
2003 1039 2316 1119 „Mursta
2362 1037 2615 1124 potione

358 1181 502 1226 usos
567 1164 892 1248 antiquos,
958 1165 1192 1230 indicio
1253 1172 1368 1246 est,
1431 1166 1596 1251 quod
1623 1213 1639 1231 .
1670 1216 1686 1232 .
1714 1216 1729 1232 .
1759 1215 1773 1233 .
1822 1164 1958 1231 XII
1983 1164 2112 1232 tab.
2162 1172 2435 1244 cavetur,
2462 1213 2479 1228 .
2510 1216 2525 1232 .
2553 1215 2568 1231 .
2598 1213 2613 1230 .

355 1308 434 1351 nc
481 1301 747 1358 mortuo
792 1289 1071 1357 indatur.

423 1411 655 1466 Nemini
686 1417 834 1466 credo
866 1417 1087 1490 dubium
1102 1431 1230 1468 esse
1262 1421 1443 1482 potest,
1477 1417 1603 1482 quid
1637 1417 1705 1468 sit
1735 1417 1933 1468 servilis
1961 1421 2199 1468 unctura.
2230 1415 2394 1467 Fuere
2422 1421 2614 1480 tamen,

359 1503 452 1566 qui
503 1505 625 1557 huc
676 1509 932 1558 traxerint
983 1507 1181 1582 Solonis
1226 1510 1409 1574 legem,
1445 1507 1610 1557 δοῦλον
1658 1509 1958 1574 ξηραλοιφεῖν
1993 1509 2365 1574 prohibentem,
2402 1513 2463 1559 ut
2498 1507 2617 1558 inde

358 1609 683 1676 colligerent,
729 1612 827 1662 hoc
873 1612 1094 1662 voluisse
1128 1613 1456 1676 decemvimS,
1493 1628 1558 1663 ne
1592 1615 1753 1664 servis
1786 1613 2051 1678 unguendi
2083 1613 2249 1662 honor
2283 1611 2613 1662 tribueretur.

363 1709 613 1770 Quorum
664 1716 958 1780 opinionem
1007 1715 1080 1765 ita
1125 1717 1318 1780 optime
1361 1717 1706 1782 facillimeque
1750 1731 1835 1766 me
1882 1717 2185 1781 redarguere
2220 1729 2363 1780 posse
2397 1715 2613 1779 confido,

362 1815 405 1865 si
442 1815 722 1870 Plutarchi
756 1821 945 1884 locum,
981 1820 1086 1870 huc
1119 1825 1451 1885 spectantem,
1486 1821 1549 1871 ad
1585 1821 1801 1872 verbum
1833 1821 2159 1884 descripsero.
2191 1820 2501 1870 Plutarchus
2518 1819 2614 1885 igi-

365 1923 481 1970 tur:
532 1923 692 1991 „⁰022
742 1921 794 1972 δὲ
838 1925 948 1985 πρὸς
996 1925 1107 1980 τοὺς
1159 1925 1338 1980 καλοὺς
1381 1922 1466 1972 οὐκ
1515 1921 1567 1981 ἦν
1616 1919 1784 1984 ἐχυρὸς
1819 1923 1845 1972 ὁ
1880 1925 2036 1972 Σόλων
2071 1920 2169 1971 οὐδ’
2204 1920 2336 1983 ’ἔρωτι
2374 1905 2617 1983 θαρραλέος

366 2019 746 2083 ἀνταναστῆναι,
785 2023 840 2075 ἔκ
867 2043 924 2074 τε
957 2031 1050 2074 τῶν
1085 2026 1362 2085 ποιημάτων
1395 2025 1547 2075 αὐτοῦ
1580 2028 1749 2089 λαβεῖν
1782 2024 1890 2076 ’ἐστι
1923 2025 2019 2084 καὶ,
2050 2028 2186 2086 νόμον
2219 2024 2406 2088 ’ἔγραψε
2443 2023 2613 2087 διαγο-

365 2121 567 2184 ρεύοντα
618 2131 781 2178 ὸοῦλον
814 2128 883 2190 μῆ
919 2131 1218 2195 ξηραλοιφεῖν
1250 2128 1373 2191 μηδὲ
1408 2128 1758 2191 παιδεραστεῖν,
1796 2129 1861 2186 εἷς
1894 2131 1981 2184 τὴν
2014 2134 2106 2178 τῶν
2140 2133 2297 2178 καλῶν
2330 2127 2497 2189 μερίδα
2530 2127 2616 2176 καὶ

369 2237 554 2290 σεμνῶν
609 2231 1000 2294 ἐπιτηδευμάτων
1036 2233 1270 2296 τιθέμενος
1301 2252 1360 2284 το
1395 2238 1616 2296 πρᾶγμα,
1650 2234 1739 2284 καὶ
1769 2237 1937 2294 τρόπον
1970 2235 2077 2283 τινα
2111 2235 2222 2291 τοὺς
2255 2233 2411 2298 ἀξίους
2443 2250 2615 2294 προκα-

377 2331 628 2400 λούμενος,
664 2332 723 2384 {m
761 2338 872 2394 τοὺς
906 2336 1122 2402 ἀναξίους
1155 2336 1462 2394 insanust
1487 2339 1540 2404 ¹).
1565 2315 1714 2412 'Quid
1731 2339 1815 2388 his
1830 2352 1952 2388 cum
1968 2342 2297 2388 mortuorum
2313 2341 2536 2388 unctura
2551 2337 2619 2387 sit

371 2447 668 2504 commune,
719 2440 961 2504 equidem
1008 2442 1186 2491 nullus
1231 2442 1390 2492 video.
1441 2441 1624 2492 Melius
1669 2447 1849 2493 autem
1887 2443 2019 2492 hanc
2052 2442 2216 2508 legem
2251 2441 2617 2506 interpretatus

374 2544 451 2588 est
502 2542 766 2608 Huschke,
814 2545 904 2608 qui
941 2545 1100 2596 simul
1130 2546 1406 2612 legendum
1441 2552 1611 2597 censet
1643 2547 2083 2611 circumportati03
2118 2560 2242 2597 nam
2276 2546 2407 2612 „das
2440 2545 2616 2597 Gesetz

373 2645 554 2698 verhot
583 2649 672 2699 das
706 2649 1031 2715 kostspielige
1065 2650 1250 2701 Salben
1285 2652 1374 2701 des
1409 2652 1715 2703 Leichnams
1747 2652 1912 2703 durch
1940 2652 2093 2717 (dazu
2126 2652 2453 2717 gemiethete)
2474 2649 2615 2700 Scla-

377 2762 494 2813 ven,
530 2753 610 2803 die
642 2753 982 2818 pollinctores,
1017 2756 1126 2806 und
1162 2756 1285 2805 alles
1318 2756 1584 2821 vorherige
1618 2756 1995 2822 Herumtragen
2026 2772 2067 2807 z.
2098 2757 2147 2807 b.
2177 2756 2256 2806 bei
2271 2754 2615 2806 Verwandten

377 2852 500 2903 oder
531 2857 623 2907 auf
653 2857 984 2909 offentlichen
1018 2858 1242 2922 Pliitzen,
1277 2860 1359 2909 die
1394 2859 1540 2909 nicht
1573 2860 1667 2909 auf
1680 2859 1798 2909 dem
1819 2859 1978 2924 Wege
1996 2857 2173 2925 lagen”
2193 2859 2253 2923 8).
2276 2858 2421 2908 Hanc
2434 2871 2613 2907 emen-

378 2954 638 3011 dationem
686 2960 905 3011 libenter
950 2976 1154 3026 sequor,
1201 2967 1254 3013 et
1289 2967 1493 3028 propter
1525 2976 1735 3013 causam
1768 2964 1833 3014 ab
1869 2962 2111 3013 Huschke
2142 2963 2372 3026 allatam,
2406 2968 2459 3013 et
2492 2961 2615 3027 quia

381 3059 452 3111 sic
483 3078 678 3129 censeo,
717 3066 843 3116 haec
875 3066 1182 3130 praescripta
1217 3081 1320 3116 non
1355 3067 1477 3117 adeo
1510 3068 1573 3116 ad
1607 3072 1816 3118 sumtus
1842 3068 2153 3130 coercendoS,
2174 3081 2332 3133 quam
2361 3067 2425 3117 ad
2442 3071 2614 3116 osten-

381 3166 630 3219 tationem
665 3169 1004 3219 minuendam
1039 3170 1363 3233 pertinuisse.

451 3306 480 3337 „
494 3270 657 3322 Unter
703 3272 803 3322 den
846 3274 1024 3339 longae
1059 3289 1273 3325 coronae
1307 3275 1439 3339 sind,
1475 3275 1572 3325 wie
1607 3275 1767 3325 schon
1804 3274 2074 3325 Turnebus
2094 3279 2295 3352 'gezeigt
2328 3274 2435 3336 hat,
2469 3274 2617 3337 lange

384 3384 502 3423 zum
545 3374 918 3427 Einschliessen
963 3377 1051 3427 des
1095 3376 1415 3444 Grabhfigels
1460 3379 1755 3429 bestimmte
1802 3379 2000 3428 Kranze
2042 3384 2177 3428 etwa
2209 3392 2305 3428 aus
2336 3376 2615 3441 Cypressen

382 3476 502 3528 oder
533 3480 943 3546 Laubgewinden
978 3498 1042 3533 zu
1077 3484 1364 3546 verstehen,
1399 3483 1645 3533 wahrend
1674 3484 1757 3533 die
1784 3498 1986 3534 acerrae
2012 3454 2133 3533 zum
2150 3482 2422 3557 sofortigen
2438 3480 2615 3545 opfern

381 3592 482 3631 von
516 3582 834 3635 Weihrauch
868 3587 1204 3638 unmittelbar
1237 3587 1368 3637 nach
1401 3588 1520 3637 dem
1556 3587 1858 3653 Begrabniss
1890 3587 2075 3639 dienen
2109 3584 2342 3637 sollten.”
2373 3584 2617 3635 Huschke

383 3680 454 3734 Cf.
491 3684 712 3753 Ovidius,
751 3688 884 3739 Fast.
919 3690 1005 3741 IV.
1041 3688 1164 3739 737:

876 3793 1163 3845 Frondibus
1195 3800 1248 3845 et
1287 3793 1404 3845 fixis
1438 3796 1743 3846 decorentur
1777 3795 1927 3845 ovilia
1962 3794 2137 3844 ramiS.

879 3896 944 3947 Et
977 3902 1116 3965 tegat
1149 3904 1355 3949 ornatas
1390 3900 1540 3965 longa
1572 3914 1759 3950 corona
1790 3900 1938 3963 foreS,

452 3996 629 4049 Festus
657 3980 723 4063 ¹p.
767 3996 836 4049 18
880 4000 948 4051 M.
996 4038 1026 4069 „
1041 4001 1229 4053 Acerra
1261 4018 1366 4067 ara,
1399 4018 1533 4068 quae
1565 4008 1687 4054 ante
1720 4009 1989 4054 mortuum
2023 4002 2147 4067 poni
2178 4002 2385 4067 solebat,
2417 4003 2474 4053 in
2508 4018 2617 4068 qua

387 4100 558 4153 odores
588 4104 974 4157 incendebant.”

454 4342 504 4409 1)
535 4342 636 4395 801.
670 4359 711 4395 e.
750 4344 795 4395 1.
1083 4378 1090 4385 .
1322 4345 1377 4413 s>
1413 4347 1449 4399 1.
1482 4346 1520 4397 1.
