3350 5250
1766 605 1845 668 10

675 813 911 900 gloriae
957 815 1296 879 ostentatio
1323 815 1538 890 ·fieret,
1589 813 1705 880 sibi
1748 815 1914 902 parci
1955 837 2085 879 esse
2126 813 2463 877 voluerunt
2487 833 2559 874 ac
2580 821 2935 896 paupereS,

675 937 1054 1024 reipublicae
1117 962 1258 1004 vero
1307 939 1546 1026 prodigi
1597 946 1662 1004 et
1709 939 1949 1019 divites,
1998 959 2191 1024 quum
2244 937 2542 1024 privatam
2590 934 2956 1040 luxuriam·

673 1063 965 1143 odissent,
1020 1063 1334 1152 publicam
1399 1066 1919 1150 magnificentiam
1966 1064 2320 1149 diligerent.
2370 1061 2542 1129 Illud
2570 1066 2936 1147 ⁴praeterea

674 1191 740 1254 in
789 1191 1184 1276 optimatium
1224 1190 1647 1256 dominatione
1670 1213 1816 1277 prae
1841 1190 2060 1256 ceteris
2085 1190 2371 1256 omnibus
2394 1189 2657 1253 maxime
2680 1183 2939 1252 servari

679 1315 884 1396 debet,
933 1323 1009 1381 ut
1050 1317 1288 1402 junctis
1335 1317 1568 1381 viribus
1617 1317 2031 1400 concordique
2077 1316 2241 1380 inter
2282 1315 2350 1380 'se
2388 1314 2594 1379 animo
2638 1333 2965 1380 eommu-·

676 1442 862 1508 nibus
904 1443 1252 1508 rationibus
1299 1451 1360 1507 et
1411 1442 1793 1507 utilitatibus
1846 1442 2191 1507 consulant.
2240 1411 2519 1526 Singulis
2558 1440 2759 1524 igitur
2806 1459 2929 1502 no-

563 1569 569 1576 “
677 1568 907 1634 bilibus
953 1591 1190 1654 semper
1235 1575 1488 1632 caveant
1535 1590 1779 1632 necesse
1828 1575 1942 1648 est,
1991 1589 2071 1632 ne
2116 1567 2378 1632 invicem
2425 1565 2545 1630 sibi
2590 1565 2933 1630 invideant

678 1715 831 1758 neve
879 1714 1053 1758 suam
1103 1693 1370 1777 quisque
1415 1691 1827 1756 conditionem
1875 1714 2022 1778 prae
2066 1692 2419 1775 'aequalium
2469 1712 2721 1756 suorum
2772 1710 2933 1754 con·

547 1857 554 1862 ·
593 1836 599 1842 ·
678 1817 914 1882 ditione
961 1818 1234 1900 efferant.
1277 1817 1442 1883 Huic
1481 1826 1689 1884 autem
1716 1819 1939 1883 rationi
1964 1839 2149 1906 quam
2174 1818 2479 1882 contraria
2504 1817 2589 1882 sit
2609 1817 2925 1894 luxurieS,

681 1944 780 2007 vix
825 1965 983 2029 opus
1030 1951 1124 2008 est
1173 1966 1441 2008 monere.
1498 1942 1782 2008 Tertium
1821 1943 1949 2018 hoc
1985 1951 2099 2021 est,
2147 1942 2315 2027 quod
2364 1941 2759 2030 singulorum
2808 1963 2927 2006 no-

679 2067 899 2132 bilium
971 2067 1167 2132 virtus
1227 2076 1292 2132 et
1351 2069 1727 2154 praestantia
1796 2067 2214 2133 firmissimum
2284 2075 2377 2132 est
2421 2046 2574 2134 huic
2622 2053 2922 2152 regimini

681 2193 1077 2280 praesidium.
1116 2191 1223 2257 Illi
1269 2202 1500 2273 autem,
1547 2216 1674 2278 quo
1720 2194 1916 2278 magis
1961 2194 2141 2258 luxui
2188 2193 2543 2280 indulgent,
2586 2217 2658 2259 eo
2708 2193 2920 2259 minus

683 2318 909 2383 virtuti
957 2319 1234 2382 student.
1283 2315 1529 2382 Etenim
1579 2319 1729 2384 haec
1773 2319 2060 2384 luxuriae
2098 2341 2240 2384 cum
2280 2321 2513 2384 virtute
2537 2323 2699 2384 ratio
2722 2320 2915 2383 inter-

680 2445 864 2536 cedit,
915 2450 987 2507 ut
1031 2443 1081 2508 si
1142 2451 1406 2527 utraque
1450 2445 1516 2508 in
1563 2444 1756 2509 librae
1800 2444 2087 2509 lancibus
2131 2445 2332 2531 posita
2378 2445 2674 2530 fingatur,
2724 2467 2917 2528 quan-

682 2577 820 2634 tum
866 2569 1058 2634 altera
1107 2592 1352 2635 sursum
1400 2570 1719 2650 evehatur,
1765 2543 2011 2635 tantum
2060 2571 2256 2636 altera
2291 2571 2423 2637 fere
2460 2570 2747 2636 deorsum
2792 2593 2923 2637 ver-

681 2718 825 2781 gere
889 2694 1108 2759 eoleat.
1167 2695 1348 2759 Unde
1408 2696 1500 2776 fit,
1560 2704 1634 2761 ut
1694 2697 1957 2783 singulis
2023 2697 2307 2763 luxuriae
2374 2696 2626 2775 deditis,
2691 2720 2727 2760 a
2798 2697 2913 2782 pri-

587 2860 592 2867 ·
681 2820 848 2884 atino
905 2821 1127 2885 sensim
1192 2821 1401 2905 vigore
1470 2822 1757 2887 universa
1824 2820 2117 2887 nobilitas
2184 2823 2452 2900 decidat,
2524 2830 2723 2907 utque
2775 2812 2915 2887 mox
2988 2806 2997 2815 ⁴

685 2944 878 3029 magis
941 2942 1256 3030 magisque
1318 2945 1662 3025 debilitata,
1733 2946 2031 3031 impedire
2100 2970 2224 3011 non
2295 2947 2507 3033 possit,
2580 2948 2915 3031 quominus

631 3044 635 3051 ⁵
684 3070 978 3155 popul-ua,
1029 3070 1422 3155 optimatium
1469 3077 1841 3155 potestatem
1889 3092 2071 3155 aegre
2119 3071 2318 3135 ferens
2362 3093 2663 3135 summam
2710 3093 2916 3137 rerum

684 3193 761 3258 ad
832 3216 894 3256 se
961 3194 1310 3259 transferat.
1381 3193 1567 3273 Quod
1617 3200 1690 3257 ut
1734 3195 2045 3261 verissime
2094 3194 2334 3260 dictum
2381 3204 2697 3283 appareat,
2756 3218 2917 3261 com·

688 3325 981 3403 parentur
1041 3319 1233 3385 Arist.
1297 3318 1430 3383 Pol.
1496 3322 1575 3386 Vn.
1639 3342 1773 3405 cap.
1824 3326 1861 3383 6
1932 3328 1995 3385 et
2068 3322 2127 3400 7,
2198 3320 2307 3386 ubi
2375 3323 2654 3409 pericula
2720 3331 2921 3388 osten·

687 3442 946 3521 duntur,
1031 3442 1257 3527 quibus
1336 3451 1462 3507 tam
1554 3446 1889 3510 multorum
1976 3468 2160 3529 quam
2195 3488 2201 3499 -
2234 3469 2574 3532 paucorum
2646 3450 2918 3534 regimen

689 3566 1022 3632 obnoxium
1070 3575 1182 3635 est.

776 3691 997 3776 Neque
1065 3693 1236 3758 aliud
1304 3694 1598 3760 damnum
1667 3695 2102 3775 omittendum,
2177 3698 2345 3781 quod
2404 3723 2479 3763 ex
2541 3700 2797 3765 luxuria
2853 3702 2917 3765 in
3004 3682 3011 3688 ’

687 3816 1084 3901 optimatium
1127 3819 1518 3884 ¹dominatum
1567 3820 1913 3885 redundare
1959 3830 2188 3907 potest.
2231 3824 2394 3888 Fieri
2436 3827 2604 3890 enim
2648 3827 2826 3907 solet,
2852 3835 2924 3891 ut

689 3942 965 4007 existant
1023 3944 1188 4008 inter
1246 3945 1577 4029 optimates
1643 3946 1774 4028 qui,
1840 3927 2060 4030 quum*
2115 3947 2289 4014 bonis
2359 3951 2487 4015 suis
2556 3951 2925 4037 dilapidatis

687 4090 827 4132 aere
893 4067 1097 4131 alieno
1163 4067 1526 4149 obruantur,
1587 4092 1796 4135 rerum
1864 4094 2165 4138 novarum
2228 4076 2440 4160 cupidi
2490 4081 2719 4145 ceteris
2765 4079 2922 4144 invi·

689 4193 879 4257 deant
947 4200 1010 4256 et
1071 4192 1468 4261 insidientur.
1535 4193 1708 4276 Quid
1755 4197 1938 4277 enim,
1987 4203 2061 4261 ut
2106 4198 2221 4262 hoc
2266 4207 2411 4271 utar
2456 4190 2759 4289 exemplo,
2808 4206 2923 4270 im·
2958 4178 2963 4187 Ι

687 4317 858 4402 pulit
941 4316 1270 4383 Catilinam
1342 4326 1432 4412 'ut
1513 4342 1644 4384 rem
1712 4320 2026 4407 publicam
2094 4331 2367 4393 evertere
2436 4328 2927 4413 aggrederetur?

3267 2433 3280 2525 -ῐᾼι
3275 2369 3277 2419 -ἠ
3261 2276 3279 2349 -ὶ-Αι
3257 2028 3281 2243 nand-H

3226 2607 3237 2624 Q

3273 2974 3285 3044 .—
3267 2625 3284 2958 -Ιᾼψ-,Α--ιι
3277 2577 3279 2597 ἡ
3275 2535 3277 2557 fi
