3350 5250
1770 569 1852 629 54

611 833 618 843 ,
681 774 825 853 tiae,
874 776 985 858 qui
1045 774 1349 839 Macrobii
1395 794 1582 839 causa
1629 774 1907 838 Gellium
1957 774 2061 837 hic
2106 772 2239 837 illic
2285 772 2743 836 emendandum
2794 792 2925 837 esse

679 872 1008 983 putarunt,
1072 920 1259 982 quam
1327 920 1562 976 eorum,
1617 898 1741 981 qui.
1778 895 2080 962 Macrobii
2126 896 2487 987 testimonio
2522 896 2811 962 ,Gellium
2858 896 2925 961 in

684 1023 821 1107 lege
871 1023 1140 1087 Aemilia
1189 1023 1410 1087 erroris
1454 1020 1873 1087 absolverunt.
2589 1017 2599 1024 “

776 1147 1064 1212 Ceterum
1104 1148 1181 1212 de
1221 1147 1521 1212 Macrobii
1563 1146 2024 1212 commentandi
2054 1169 2242 1232 opera
2266 1146 2418 1211 haec
2441 1148 2627 1211 etiam
2656 1147 2929 1211 tenenda

687 1281 856 1339 sunt.
921 1272 1070 1337 Non
1115 1272 1265 1337 ⁴tam
1327 1274 1388 1337 id
1455 1274 1650 1357 egisse
1699 1272 1970 1349 videtur,
2019 1278 2095 1336 ut
2136 1272 2205 1336 in
2252 1272 2533 1357 singulas
2577 1273 2745 1356 leges
2792 1273 2931 1336 dili-

665 1379 906 1482 genter
951 1405 1016 1462 et
1059 1397 1278 1461 sedulo
1325 1397 1690 1480 inquireret,
1739 1418 1925 1480 quam
1973 1398 2183 1481 potius
2228 1398 2345 1461 hoc
2386 1404 2478 1474 ut,
2522 1395 2691 1480 quod
2717 1397 2931 1481 priori‘·

688 1521 802 1586 bus
863 1522 1174 1608 capitibus
1222 1522 1300 1586 de
1345 1522 1767 1587 effervescenti
1814 1521 1992 1585 illius
2040 1522 2263 1587 aetatis
2310 1522 2564 1587 luxuria
2608 1529 2935 1599 narrasset,

573 1697 577 1701 .
687 1648 894 1733 legum
947 1648 1136 1715 etiam
1181 1648 1464 1733 exemplo
1512 1648 1921 1711 confirmaret.
1965 1647 2101 1712 Hoc
2140 1646 2433 1732 colligere
2456 1647 2621 1721 ,licet
2644 1670 2719 1712 ex
2744 1646 2934 1725 brevi,

573 1810 580 1821 -
692 1794 879 1857 quam
945 1773 1454 1837 commentationi
1516 1772 1856 1857 praemisit,
1913 1771 2413 1857 praefatiuncula
2459 1777 2533 1835 et‘
2570 1772 2938 1835 confirmant

694 1906 1010 1982 praeterea
1081 1898 1659 1977 animadversiones,
1728 1920 1885 1981 quas
1953 1895 2219 1961 subinde
2287 1898 2679 1985 interposuit.
2754 1898 2933 1979 Quae

695 2024 1026 2109 pleraeque
1090 2024 1178 2086 ita
1227 2006 1616 2109 comparatae
1663 2030 1834 2102 sunt,
1885 2030 1959 2088 ut
2006 2023 2244 2087 etiamsi
2292 2022 2451 2088 forte
2495 2022 2575 2086 ad
2621 2022 2935 2087 luxuriam

693 2148 1178 2232 cognoscendam
1225 2149 1352 2212 sint
1397 2148 1774 2233 aptissimae,
1824 2142 2063 2211 nullam
2102 2154 2311 2212 tamen
2349 2169 2489 2212 cum
2516 2147 2727 2233 legum
2754 2169 2938 2231 argu-

609 2314 622 2319 -
698 2278 907 2337 mento
951 2271 1239 2337 ‘habeant
1299 2273 1818 2357 conjunctionem.
1887 2271 2071 2337 Unde
2139 2273 2371 2338 factum
2444 2280 2557 2353 est,
2607 2278 2681 2337 ut
2725 2295 2939 2356 quam-

694 2418 881 2480 quam
944 2397 1047 2461 hic
1107 2397 1240 2462 illic
1288 2397 1597 2463 nonnulla
1644 2399 2235 2477 commemoraverit,
2285 2420 2447 2482 quae
2490 2398 2724 2463 frustra
2770 2397 2939 2484 apud

695 2529 930 2586 ceteros
999 2530 1402 2606 quaerantur,
1479 2522 1845 2607 plerumque
1918 2529 2124 2587 tamen
2197 2525 2273 2587 de
2342 2524 2525 2589 rebus
2591 2532 2937 2589 memoratu

695 2646 1073 2732 dignissimis
1127 2671 1314 2734 quam
1378 2650 1763 2734 paucissimis
1828 2649 2122 2727 absolvat,
2186 2657 2252 2714 et
2298 2650 2349 2715 si
2396 2652 2647 2736 quando
2692 2651 2942 2736 plenior

697 2781 763 2838 et
823 2772 1073 2839 uberior
1119 2775 1318 2862 oratio
1363 2772 1677 2861 procedat,
1726 2779 1965 2839 tantam
2022 2775 2309 2841 ostendat
2353 2777 2820 2862 negligentiam,
2868 2783 2957 2856 ut-

701 2899 970 2963 multum
1033 2900 1110 2965 de
1156 2901 1280 2964 fide
1327 2904 1461 2985 ejus
1509 2901 1933 2985 derogandum
1970 2904 2110 2966 esse
2157 2908 2431 2967 statuere
2492 2903 2696 2969 liceat.
2745 2901 2943 2988 Cujus

698 3023 787 3088 rei
848 3045 1044 3108 quum
1109 3025 1292 3110 plura
1353 3026 1633 3110 exempla
1694 3026 1877 3090 affere
1933 3049 2274 3112 possemus,
2339 3049 2464 3091 uno
2520 3028 2751 3092 erimus
2796 3051 2942 3093 con-
3055 3021 3067 3026 “

691 3125 879 3214 tenti.
927 3149 1156 3234 Legem
1205 3149 1508 3215 Liciniam
1556 3153 1771 3236 paucis
1819 3153 2078 3216 mutatis
2123 3154 2189 3217 in
2236 3153 2552 3238 plerisque
2599 3177 2743 3220 cum
2788 3155 2943 3220 Fan·

699 3274 804 3337 nia
863 3296 1202 3358 congruere
1249 3281 1555 3348 asseverat
1599 3278 1654 3360 (ᾧ
1698 3279 1778 3360 8).
1828 3278 1915 3340 At
1960 3276 2037 3340 de
2085 3277 2471 3362 singularum
2520 3250 2717 3364 legem
2765 3302 2944 3365 argu·

705 3407 916 3463 mento
965 3423 1036 3464 ea
1083 3400 1333 3484 profert,
1382 3410 1457 3465 ut
1501 3401 1725 3465 merito
1778 3402 1983 3486 rogari
2030 3402 2243 3488 possit,
2290 3425 2451 3488 quae
2491 3404 2741 3468 tandem
2786 3411 2947 3470 esset

701 3523 812 3586 illa
859 3522 1236 3587 similitudo!
2643 3496 2649 3502 ⁵

1631 3766 2020 3776 ——-———.

793 4024 931 4088 Jam
981 4025 1286 4109 sequitur,
1337 4033 1411 4090 ut
1451 4027 1662 4112 paucis
1702 4027 2020 4091 videamus
2060 4026 2137 4090 de
2174 4026 2380 4110 legum
2410 4029 2940 4114 sumptuariarum

705 4156 925 4215 aetate.
988 4149 1220 4235 Legem
1286 4149 1554 4236 Oppiam
1600 4151 2040 4236 assignandam
2086 4174 2214 4215 esse
2260 4175 2423 4217 anno
2478 4156 2770 4240 539s215
2817 4133 2947 4218 tarn

711 4275 1006 4370 gravibus
1077 4275 1320 4343 indiciis
1391 4283 1670 4376 constat,
1721 4283 1791 4340 ut
1854 4248 2012 4345 nihil
2077 4278 2160 4346 sit
2207 4279 2457 4349 certius.
2506 4277 2739 4349 Narrat
2783 4279 2949 4348 enim
