<?xml version="1.0" encoding="UTF-8"?>
<!DOCTYPE html PUBLIC "-//W3C//DTD XHTML 1.0 Transitional//EN"
    "http://www.w3.org/TR/xhtml1/DTD/xhtml1-transitional.dtd">
<html xmlns="http://www.w3.org/1999/xhtml" xml:lang="en" lang="en">
 <head>
  <title>
</title>
<meta http-equiv="Content-Type" content="text/html;charset=utf-8" />
  <meta name='ocr-system' content='tesseract 3.04.00' />
  <meta name='ocr-capabilities' content='ocr_page ocr_carea ocr_par ocr_line ocrx_word'/>
</head>
<body>
  <div class='ocr_page' id='page_1' title='image "./deromanorumlegi00houwgoog_0096.png"; bbox 0 0 3350 5250; ppageno 0'>
   <div class='ocr_carea' id='block_1_1' title="bbox 1686 617 1769 678">
    <p class='ocr_par' dir='ltr' id='par_1_1' title="bbox 1686 617 1769 678">
     <span class='ocr_line' id='line_1_1' title="bbox 1686 617 1769 678; baseline 0 0"><span class='ocrx_word' id='word_1_1' title='bbox 1686 617 1769 678; x_wconf 81' lang='lat'>84</span> 
     </span>
    </p>
   </div>
   <div class='ocr_carea' id='block_1_2' title="bbox 599 824 2841 2289">
    <p class='ocr_par' dir='ltr' id='par_1_2' title="bbox 599 824 2841 1536">
     <span class='ocr_line' id='line_1_2' title="bbox 599 824 2841 910; baseline -0.001 -20"><span class='ocrx_word' id='word_1_2' title='bbox 599 826 786 890; x_wconf 75' lang='lat' dir='ltr'>etiam</span> <span class='ocrx_word' id='word_1_3' title='bbox 835 824 898 890; x_wconf 85' lang='lat' dir='ltr'>id</span> <span class='ocrx_word' id='word_1_4' title='bbox 945 824 1063 890; x_wconf 88' lang='lat' dir='ltr'>sibi</span> <span class='ocrx_word' id='word_1_5' title='bbox 1111 824 1397 902; x_wconf 82' lang='lat' dir='ltr'>voluisse,</span> <span class='ocrx_word' id='word_1_6' title='bbox 1445 833 1520 891; x_wconf 76' lang='lat' dir='ltr'>nt</span> <span class='ocrx_word' id='word_1_7' title='bbox 1563 825 1809 910; x_wconf 77' lang='lat' dir='ltr'><strong>equites</strong></span> <span class='ocrx_word' id='word_1_8' title='bbox 1856 831 2126 892; x_wconf 76' lang='lat' dir='ltr'>vexaret.</span> <span class='ocrx_word' id='word_1_9' title='bbox 2168 825 2349 890; x_wconf 83' lang='lat' dir='ltr'>Sulla</span> <span class='ocrx_word' id='word_1_10' title='bbox 2389 825 2576 904; x_wconf 87' lang='lat' dir='ltr'>enim,</span> <span class='ocrx_word' id='word_1_11' title='bbox 2614 824 2666 888; x_wconf 93' lang='lat' dir='ltr'>si</span> <span class='ocrx_word' id='word_1_12' title='bbox 2699 824 2841 907; x_wconf 89' lang='lat' dir='ltr'>quis</span> 
     </span>
     <span class='ocr_line' id='line_1_3' title="bbox 601 949 2841 1036; baseline -0.001 -22"><span class='ocrx_word' id='word_1_13' title='bbox 601 950 784 1028; x_wconf 84' lang='lat' dir='ltr'>alius,</span> <span class='ocrx_word' id='word_1_14' title='bbox 833 949 1147 1035; x_wconf 84' lang='lat' dir='ltr'>praeclare</span> <span class='ocrx_word' id='word_1_15' title='bbox 1194 950 1526 1030; x_wconf 78' lang='lat' dir='ltr'><strong>intellexit,</strong></span> <span class='ocrx_word' id='word_1_16' title='bbox 1569 957 1642 1015; x_wconf 85' lang='lat' dir='ltr'>ut</span> <span class='ocrx_word' id='word_1_17' title='bbox 1681 951 1924 1036; x_wconf 87' lang='lat' dir='ltr'>imperii</span> <span class='ocrx_word' id='word_1_18' title='bbox 1949 950 2375 1035; x_wconf 83' lang='lat' dir='ltr'>gubernacula</span> <span class='ocrx_word' id='word_1_19' title='bbox 2398 949 2642 1014; x_wconf 76' lang='lat' dir='ltr'>senatui</span> <span class='ocrx_word' id='word_1_20' title='bbox 2669 949 2841 1013; x_wconf 79' lang='lat' dir='ltr'>resti·</span> 
     </span>
     <span class='ocr_line' id='line_1_4' title="bbox 603 1073 2839 1172; baseline -0.002 -31"><span class='ocrx_word' id='word_1_21' title='bbox 603 1083 828 1156; x_wconf 76' lang='lat' dir='ltr'>tueret,</span> <span class='ocrx_word' id='word_1_22' title='bbox 889 1075 1046 1141; x_wconf 88' lang='lat' dir='ltr'>nihil</span> <span class='ocrx_word' id='word_1_23' title='bbox 1097 1075 1288 1161; x_wconf 82' lang='lat' dir='ltr'>magis</span> <span class='ocrx_word' id='word_1_24' title='bbox 1333 1073 1450 1172; x_wconf 74' lang='lat' dir='ltr'>sibi</span> <span class='ocrx_word' id='word_1_25' title='bbox 1496 1097 1683 1141; x_wconf 80' lang='lat' dir='ltr'>curae</span> <span class='ocrx_word' id='word_1_26' title='bbox 1728 1099 1860 1140; x_wconf 85' lang='lat' dir='ltr'>esse</span> <span class='ocrx_word' id='word_1_27' title='bbox 1906 1075 2149 1154; x_wconf 86' lang='lat' dir='ltr'>debere,</span> <span class='ocrx_word' id='word_1_28' title='bbox 2197 1097 2385 1160; x_wconf 85' lang='lat' dir='ltr'>quam</span> <span class='ocrx_word' id='word_1_29' title='bbox 2434 1081 2508 1140; x_wconf 77' lang='lat' dir='ltr'>ut</span> <span class='ocrx_word' id='word_1_30' title='bbox 2551 1075 2839 1159; x_wconf 80' lang='lat' dir='ltr'>equitum</span> 
     </span>
     <span class='ocr_line' id='line_1_5' title="bbox 599 1195 2838 1286; baseline -0.001 -22"><span class='ocrx_word' id='word_1_31' title='bbox 599 1201 918 1266; x_wconf 79' lang='lat' dir='ltr'>licentiam</span> <span class='ocrx_word' id='word_1_32' title='bbox 981 1200 1366 1285; x_wconf 80' lang='lat' dir='ltr'>infringeret.</span> <span class='ocrx_word' id='word_1_33' title='bbox 1415 1200 1520 1265; x_wconf 89' lang='lat' dir='ltr'>Sic</span> <span class='ocrx_word' id='word_1_34' title='bbox 1564 1200 1751 1264; x_wconf 73' lang='lat' dir='ltr'>etiam</span> <span class='ocrx_word' id='word_1_35' title='bbox 1796 1200 2057 1286; x_wconf 83' lang='lat' dir='ltr'>judicia,</span> <span class='ocrx_word' id='word_1_36' title='bbox 2104 1199 2409 1284; x_wconf 78' lang='lat' dir='ltr'>equestris</span> <span class='ocrx_word' id='word_1_37' title='bbox 2456 1195 2691 1263; x_wconf 87' lang='lat' dir='ltr'>ordinis</span> <span class='ocrx_word' id='word_1_38' title='bbox 2735 1219 2838 1282; x_wconf 89' lang='lat' dir='ltr'>po·</span> 
     </span>
     <span class='ocr_line' id='line_1_6' title="bbox 601 1323 2837 1410; baseline -0.002 -21"><span class='ocrx_word' id='word_1_39' title='bbox 601 1326 831 1390; x_wconf 79' lang='lat' dir='ltr'>tentiae</span> <span class='ocrx_word' id='word_1_40' title='bbox 902 1325 1136 1390; x_wconf 85' lang='lat' dir='ltr'>fontem</span> <span class='ocrx_word' id='word_1_41' title='bbox 1207 1332 1397 1409; x_wconf 77' lang='lat' dir='ltr'>atque</span> <span class='ocrx_word' id='word_1_42' title='bbox 1466 1325 1790 1410; x_wconf 84' lang='lat' dir='ltr'>originem,</span> <span class='ocrx_word' id='word_1_43' title='bbox 1852 1326 2101 1391; x_wconf 78' lang='lat' dir='ltr'>senatui</span> <span class='ocrx_word' id='word_1_44' title='bbox 2160 1324 2441 1390; x_wconf 72' lang='lat' dir='ltr'>restituit</span> <span class='ocrx_word' id='word_1_45' title='bbox 2503 1330 2568 1388; x_wconf 74' lang='lat' dir='ltr'>et</span> <span class='ocrx_word' id='word_1_46' title='bbox 2628 1323 2837 1387; x_wconf 85' lang='lat' dir='ltr'>Asiam</span> 
     </span>
     <span class='ocr_line' id='line_1_7' title="bbox 599 1434 2836 1536; baseline -0.003 -20"><span class='ocrx_word' id='word_1_47' title='bbox 599 1451 979 1536; x_wconf 81' lang='lat' dir='ltr'>provinciam</span> <span class='ocrx_word' id='word_1_48' title='bbox 1028 1450 1117 1515; x_wconf 77' lang='lat' dir='ltr'>ita</span> <span class='ocrx_word' id='word_1_49' title='bbox 1149 1434 1470 1516; x_wconf 45' lang='lat' dir='ltr'>&#39;ordinavit</span> <span class='ocrx_word' id='word_1_50' title='bbox 1511 1458 1605 1530; x_wconf 75' lang='lat' dir='ltr'>ut,</span> <span class='ocrx_word' id='word_1_51' title='bbox 1645 1450 1866 1515; x_wconf 86' lang='lat' dir='ltr'>nullus</span> <span class='ocrx_word' id='word_1_52' title='bbox 1893 1451 1961 1514; x_wconf 87' lang='lat' dir='ltr'>in</span> <span class='ocrx_word' id='word_1_53' title='bbox 1986 1473 2058 1515; x_wconf 85' lang='lat' dir='ltr'>ea</span> <span class='ocrx_word' id='word_1_54' title='bbox 2082 1448 2433 1535; x_wconf 78' lang='lat' dir='ltr'>publicanis</span> <span class='ocrx_word' id='word_1_55' title='bbox 2456 1449 2633 1514; x_wconf 89' lang='lat' dir='ltr'>locus</span> <span class='ocrx_word' id='word_1_56' title='bbox 2655 1452 2836 1513; x_wconf 86' lang='lat' dir='ltr'>esset.</span> 
     </span>
    </p>

    <p class='ocr_par' dir='ltr' id='par_1_3' title="bbox 599 1575 2841 2289">
     <span class='ocr_line' id='line_1_8' title="bbox 691 1575 2839 1662; baseline 0 -24"><span class='ocrx_word' id='word_1_57' title='bbox 691 1575 931 1641; x_wconf 81' lang='lat' dir='ltr'>Ultima</span> <span class='ocrx_word' id='word_1_58' title='bbox 995 1576 1230 1662; x_wconf 84' lang='lat' dir='ltr'>legum,</span> <span class='ocrx_word' id='word_1_59' title='bbox 1303 1598 1465 1660; x_wconf 82' lang='lat' dir='ltr'>qnae</span> <span class='ocrx_word' id='word_1_60' title='bbox 1534 1576 1787 1660; x_wconf 85' lang='lat' dir='ltr'>quidem</span> <span class='ocrx_word' id='word_1_61' title='bbox 1858 1575 2055 1640; x_wconf 85' lang='lat' dir='ltr'>libera</span> <span class='ocrx_word' id='word_1_62' title='bbox 2113 1575 2436 1661; x_wconf 79' lang='lat' dir='ltr'>republica</span> <span class='ocrx_word' id='word_1_63' title='bbox 2494 1575 2621 1640; x_wconf 83' lang='lat' dir='ltr'>lata</span> <span class='ocrx_word' id='word_1_64' title='bbox 2668 1581 2839 1653; x_wconf 80' lang='lat' dir='ltr'>sunt,</span> 
     </span>
     <span class='ocr_line' id='line_1_9' title="bbox 603 1671 2839 1787; baseline 0 -24"><span class='ocrx_word' id='word_1_65' title='bbox 603 1700 796 1766; x_wconf 76' lang='lat' dir='ltr'>Antia</span> <span class='ocrx_word' id='word_1_66' title='bbox 861 1708 975 1780; x_wconf 75' lang='lat' dir='ltr'>est,</span> <span class='ocrx_word' id='word_1_67' title='bbox 1043 1700 1120 1765; x_wconf 85' lang='lat' dir='ltr'>de</span> <span class='ocrx_word' id='word_1_68' title='bbox 1181 1722 1324 1785; x_wconf 86' lang='lat' dir='ltr'>qua,</span> <span class='ocrx_word' id='word_1_69' title='bbox 1389 1707 1636 1787; x_wconf 69' lang='lat' dir='ltr'>praeter</span> <span class='ocrx_word' id='word_1_70' title='bbox 1698 1671 1885 1765; x_wconf 84' lang='lat' dir='ltr'>Gellii</span> <span class='ocrx_word' id='word_1_71' title='bbox 1948 1709 2014 1767; x_wconf 73' lang='lat' dir='ltr'>et</span> <span class='ocrx_word' id='word_1_72' title='bbox 2076 1700 2381 1766; x_wconf 86' lang='lat' dir='ltr'>Macrobii</span> <span class='ocrx_word' id='word_1_73' title='bbox 2428 1701 2615 1782; x_wconf 87' lang='lat' dir='ltr'>locos,</span> <span class='ocrx_word' id='word_1_74' title='bbox 2664 1700 2839 1764; x_wconf 84' lang='lat' dir='ltr'>nulla</span> 
     </span>
     <span class='ocr_line' id='line_1_10' title="bbox 601 1824 2841 1912; baseline -0.001 -21"><span class='ocrx_word' id='word_1_75' title='bbox 601 1825 856 1891; x_wconf 89' lang='lat' dir='ltr'>omnino</span> <span class='ocrx_word' id='word_1_76' title='bbox 900 1825 1068 1912; x_wconf 84' lang='lat' dir='ltr'>apud</span> <span class='ocrx_word' id='word_1_77' title='bbox 1125 1832 1360 1890; x_wconf 76' lang='lat' dir='ltr'>veteres</span> <span class='ocrx_word' id='word_1_78' title='bbox 1405 1826 1737 1912; x_wconf 75' lang='lat' dir='ltr'>scriptores</span> <span class='ocrx_word' id='word_1_79' title='bbox 1783 1827 2075 1892; x_wconf 86' lang='lat' dir='ltr'>memoria</span> <span class='ocrx_word' id='word_1_80' title='bbox 2120 1833 2343 1907; x_wconf 79' lang='lat' dir='ltr'>exstat,</span> <span class='ocrx_word' id='word_1_81' title='bbox 2394 1834 2468 1891; x_wconf 80' lang='lat' dir='ltr'>ut</span> <span class='ocrx_word' id='word_1_82' title='bbox 2514 1847 2717 1909; x_wconf 86' lang='lat' dir='ltr'>neque</span> <span class='ocrx_word' id='word_1_83' title='bbox 2764 1824 2841 1889; x_wconf 88' lang='lat' dir='ltr'>de</span> 
     </span>
     <span class='ocr_line' id='line_1_11' title="bbox 604 1941 2840 2038; baseline 0 -23"><span class='ocrx_word' id='word_1_84' title='bbox 604 1950 796 2016; x_wconf 79' lang='lat' dir='ltr'>Antio</span> <span class='ocrx_word' id='word_1_85' title='bbox 846 1951 1039 2020; x_wconf 79' lang='lat' dir='ltr'>latore</span> <span class='ocrx_word' id='word_1_86' title='bbox 1088 1973 1290 2034; x_wconf 88' lang='lat' dir='ltr'>neque</span> <span class='ocrx_word' id='word_1_87' title='bbox 1335 1951 1413 2015; x_wconf 91' lang='lat' dir='ltr'>de</span> <span class='ocrx_word' id='word_1_88' title='bbox 1459 1958 1759 2038; x_wconf 80' lang='lat' dir='ltr'>tempore,</span> <span class='ocrx_word' id='word_1_89' title='bbox 1806 1941 1931 2036; x_wconf 88' lang='lat' dir='ltr'>quo</span> <span class='ocrx_word' id='word_1_90' title='bbox 1976 1947 2109 2017; x_wconf 78' lang='lat' dir='ltr'>lata</span> <span class='ocrx_word' id='word_1_91' title='bbox 2150 1953 2251 2032; x_wconf 82' lang='lat' dir='ltr'>sit,</span> <span class='ocrx_word' id='word_1_92' title='bbox 2292 1952 2638 2036; x_wconf 84' lang='lat' dir='ltr'>quidquam</span> <span class='ocrx_word' id='word_1_93' title='bbox 2663 1971 2840 2015; x_wconf 85' lang='lat' dir='ltr'>accu-</span> 
     </span>
     <span class='ocr_line' id='line_1_12' title="bbox 603 2076 2833 2164; baseline 0 -25"><span class='ocrx_word' id='word_1_94' title='bbox 603 2076 826 2139; x_wconf 84' lang='lat' dir='ltr'>ratius.</span> <span class='ocrx_word' id='word_1_95' title='bbox 868 2076 1068 2161; x_wconf 80' lang='lat' dir='ltr'>possit</span> <span class='ocrx_word' id='word_1_96' title='bbox 1133 2076 1456 2144; x_wconf 75' lang='lat' dir='ltr'>eonstitui.</span> <span class='ocrx_word' id='word_1_97' title='bbox 1527 2077 1606 2142; x_wconf 89' lang='lat' dir='ltr'>In</span> <span class='ocrx_word' id='word_1_98' title='bbox 1680 2083 1857 2143; x_wconf 74' lang='lat' dir='ltr'>tanta</span> <span class='ocrx_word' id='word_1_99' title='bbox 1925 2078 2189 2164; x_wconf 83' lang='lat' dir='ltr'>caligine</span> <span class='ocrx_word' id='word_1_100' title='bbox 2236 2101 2363 2143; x_wconf 84' lang='lat' dir='ltr'>una</span> <span class='ocrx_word' id='word_1_101' title='bbox 2409 2078 2633 2164; x_wconf 88' lang='lat' dir='ltr'>opinor</span> <span class='ocrx_word' id='word_1_102' title='bbox 2679 2077 2833 2140; x_wconf 79' lang='lat' dir='ltr'>ratio</span> 
     </span>
     <span class='ocr_line' id='line_1_13' title="bbox 599 2177 2592 2289; baseline 0.002 -26"><span class='ocrx_word' id='word_1_103' title='bbox 599 2220 748 2264; x_wconf 86' lang='lat' dir='ltr'>sana</span> <span class='ocrx_word' id='word_1_104' title='bbox 793 2206 886 2264; x_wconf 75' lang='lat' dir='ltr'>est</span> <span class='ocrx_word' id='word_1_105' title='bbox 931 2187 1166 2278; x_wconf 78' lang='lat' dir='ltr'>cornui,</span> <span class='ocrx_word' id='word_1_106' title='bbox 1216 2222 1374 2285; x_wconf 85' lang='lat' dir='ltr'>quos</span> <span class='ocrx_word' id='word_1_107' title='bbox 1402 2177 1830 2287; x_wconf 45' lang='lat' dir='ltr'>‘ignorantiam</span> <span class='ocrx_word' id='word_1_108' title='bbox 1877 2203 2154 2289; x_wconf 77' lang='lat' dir='ltr'>profiteri</span> <span class='ocrx_word' id='word_1_109' title='bbox 2200 2226 2325 2268; x_wconf 90' lang='lat' dir='ltr'>non</span> <span class='ocrx_word' id='word_1_110' title='bbox 2377 2204 2592 2288; x_wconf 85' lang='lat' dir='ltr'>pudet.</span> 
     </span>
    </p>
   </div>
  </div>
 </body>
</html>
