3350 5250
1481 542 1560 605 81

345 767 499 810 cum
553 746 765 832 plebe
810 749 1184 830 communia,
1231 749 1396 834 quod
1445 749 1693 834 quidem
1747 749 2008 816 maxime
2047 757 2329 818 enatura
2354 756 2467 830 est,
2492 748 2629 814 tolli

344 869 728 938 discrimen
788 874 854 939 in
903 882 1100 940 morte
1127 875 1199 961 ¹).
1245 873 1348 940 Ita
1394 896 1644 960 quoque
1692 875 1955 960 aequius
2000 882 2065 940 et
2111 875 2313 940 verius
2353 874 2635 961 judicare

344 999 741 1082 poterimus
786 1000 866 1065 de
911 1001 1385 1080 necessitudine,
1421 1022 1584 1086 quae
1622 1002 1787 1066 inter
1827 1000 2260 1067 decemvirales
2294 1009 2359 1066 et
2386 1000 2635 1066 Solonis

345 1122 538 1210 leges
589 1125 1057 1192 intercedebat.
1106 1126 1197 1190 Ut
1242 1128 1407 1192 enim
1455 1127 1773 1193 doctorum
1822 1125 2101 1194 Leh'evre
2126 1127 2173 1212 ⁹)
2220 1135 2283 1192 et
2313 1126 2556 1192 Puchta
2582 1128 2633 1212 ⁸)

350 1255 422 1313 et
467 1249 924 1317 Wachsmuth
951 1253 1000 1338 4)
1049 1253 1326 1340 opinioni
1373 1253 1625 1318 minime
1664 1254 1951 1320 accedere
1992 1253 2211 1333 ausim,
2250 1253 2360 1339 qui
2398 1253 2639 1340 rejectis

351 1361 802 1460 antiquorem
866 1377 1128 1443 desertis
1171 1378 1543 1447 testimoniis
1572 1381 1620 1464 ⁵)
1672 1379 2188 1445 necessitudinem
2238 1379 2406 1444 illam
2457 1379 2640 1444 dene-

355 1508 550 1584 gant,
624 1502 720 1567 sic
781 1495 1079 1568 Grat'ama
1102 1505 1150 1587 8)
1207 1503 1352 1590 plus
1405 1502 1608 1570 dicere
1671 1504 1823 1570 mihi
1870 1505 2135 1590 videtur,
2180 1526 2364 1590 quam
2392 1504 2639 1570 'veritas

281 1711 287 1718 .
359 1627 666 1712 patitur,
718 1627 826 1693 ubi
880 1629 1204 1694 contendit
1247 1629 1630 1695 decemviros
1676 1631 1854 1700 nulla
1899 1632 2239 1718 patriorum
2289 1651 2527 1695 morum
2568 1638 2642 1694 'et

365 1751 644 1832 rituum
696 1755 935 1819 ratione
984 1753 1194 1821 habita
1241 1755 1596 1842 peregrinas
1637 1762 1703 1820 et
1738 1755 1970 1821 alienas
2008 1755 2425 1822 introduxisse
2449 1755 2637 1840 leges.

445 2013 508 2074 1)
552 2013 638 2063 Dc
672 2014 816 2078 Logg.
854 2013 919 2064 11.
956 2015 1037 2066 23.
1212 2015 1224 2026 '
1401 2014 1457 2076 2)
1493 2011 1681 2064 Comm.
1719 2012 1777 2063 dc
1812 2013 1905 2078 leg.
1944 2011 2044 2066 XII
2078 2013 2177 2063 tab.
2216 2013 2393 2081 petria.

451 2105 506 2165 3)
547 2105 589 2159 1.
630 2107 666 2158 1.
701 2121 808 2172 pag.
844 2107 954 2156 110.
1395 2105 1451 2166 4)
1491 2105 1527 2156 1.
1563 2105 1597 2156 1.
1634 2121 1741 2171 pag.
1778 2105 1890 2156 369.
2213 2117 2216 2122 ·

453 2200 508 2258 5)
547 2199 634 2250 cf.
669 2197 776 2248 Cic.
810 2197 869 2248 de
903 2197 1028 2262 legg.
1064 2195 1131 2250 11.
1170 2197 1232 2247 28
1254 2218 1266 2248 ι
1290 2201 1378 2257 593
1413 2195 1517 2261 Liv.
1555 2195 1638 2249 111
1675 2198 1897 2257 81—833
1938 2197 2091 2256 Dion.
2123 2195 2182 2247 X.
2219 2197 2307 2257 52;
2338 2196 2491 2246 Tacit.
2513 2198 2643 2248 Anu.

379 2287 488 2344 111.
549 2291 648 2352 επ
684 2291 818 2346 min.
855 2292 980 2358 epp.
1020 2289 1158 2344 vm.
1195 2292 1277 2351 24,
1313 2269 1345 2340 21
1359 2313 1372 2352 ;
1409 2291 1542 2342 mor.
1581 2289 1622 2343 1.
1662 2293 1741 2342 24.
1787 2293 1843 2352 1;
1876 2291 1934 2340 «10
1971 2291 2073 2342 vir.
2110 2291 2192 2341 111.
2234 2291 2324 2353 21;
2363 2290 2416 2340 1..
2466 2290 2543 2340 13.
2568 2289 2640 2338 Ἰ).

385 2381 448 2440 x,
489 2384 516 2432 1
545 2406 562 2443 ;
600 2384 656 2434 L.
693 2388 726 2434 4
761 2385 820 2436 n.
857 2384 1052 2435 van.
1091 2384 1174 2434 22.
2093 2357 2104 2372 “

460 2477 520 2538 6)
563 2477 639 2528 De
673 2477 906 2528 Hermod.
948 2477 1125 2543 Ephes.
1161 2493 1274 2527 vero
1311 2473 1426 2530 XII.
1466 2476 1564 2526 tab.
1603 2481 1815 2526 auctore.
