3350 5250
1393 619 1589 702 ‘49

390 822 582 917 grini
648 824 779 886 vini
831 837 1062 908 genera·
1121 823 1353 888 Romae
1404 825 1709 905 venirent,
1750 825 1961 889 eadem
2008 825 2251 890 ratione
2299 817 2671 910 eitcogitata,

393 968 541 1030 qua
585 971 749 1012 anno
799 949 1088 1035 593s161
1143 926 1397 1013 senatus
1445 949 1735 1017 consulto
1774 949 2145 1034 juberentur
2186 952 2489 1036 primores
2531 951 2673 1016 civi-

395 1075 568 1137 tatis
615 1075 831 1158 jurare
877 1075 1044 1160 apud
1095 1075 1426 1156 eonsuless
1453 1099 1516 1140 se
1566 1098 1691 1140 non
1744 1075 1886 1140 vino
1932 1076 2257 1162 peregrino
2306 1076 2411 1141 sed
2464 1077 2669 1162 patrio

76 1231 79 1292 μ
401 1218 638 1263 usuros
666 1199 740 1282 1).

508 1323 761 1409 Semper
823 1331 1036 1388 autem
1099 1325 1377 1389 intentos
1427 1325 1618 1390 fuisse
1680 1325 1989 1389 Romanos
2038 1327 2114 1390 ad
2164 1325 2309 1390 vitis
2354 1325 2665 1390 culturam

74 1439 76 1536 l
402 1447 483 1511 in
549 1448 742 1512 Italia
803 1450 1173 1534 augendam,
1240 1447 1364 1514 tam
1431 1449 1725 1534 gravibus
1769 1449 2015 1514 indiciis
2060 1457 2323 1530 constat,
2378 1457 2454 1514 ut
2513 1450 2674 1516 nihil

74 1547 76 1554 Ι
409 1575 648 1638 certius
719 1596 852 1638 esse
933 1575 1222 1640 videatur
1289 1576 1386 1639 vel
1453 1575 1827 1641 evidentius,
1888 1574 2071 1656 Quod
2134 1599 2211 1640 ne
2278 1578 2380 1641 eui
2444 1585 2677 1642 temere

411 1696 646 1763 dixisse
697 1699 926 1780 videar,
982 1701 1316 1785 producam
1368 1706 1574 1766 testes,
1625 1699 1753 1765 Cio.
1805 1701 1881 1765 de
1930 1700 2085 1787 Rep.
2130 1701 2349 1765 111.9.
2378 1704 2448 1765 6:
2474 1701 2675 1780 „Nos

417 1823 602 1887 vero''
675 1824 889 1908 inquit
955 1821 1339 1916 „justissimi
1409 1825 1707 1905 homines,
1779 1827 1888 1910 qni
1950 1825 2385 1911 Transalpinas
2449 1833 2670 1910 gentes

420 1949 617 2014 oleam
707 1961 770 2014 et
851 1951 1040 2014 vitem
1111 1974 1314 2015 serere
1385 1973 1512 2015 non
1583 1952 1865 2030 sinimus,
1938 1974 2093 2036 qno
2160 1951 2441 2037 pluris
2510 1952 2681 2015 sint

423 2082 708 2139 nostra
754 2075 1072 2140 oliveta
1117 2083 1623 2160 nostraeque
1665 2077 1997 2166 vineae3
2048 2074 2215 2160 quod
2258 2097 2453 2174 quum
2500 2076 2677 2140 facia-

426 2222 561 2264 mus
608 2199 1072 2286 prudenter
1117 2201 1314 2264 faeere
1360 2199 1692 2265 dicimur.’'
1740 2199 1904 2266 Plin.
1948 2199 2127 2264 XIV.
2172 2204 2274 2264 14.
2318 2205 2422 2265 94.
2452 2203 2675 2287 „Apo-

424 2324 635 2389 theeas
693 2325 886 2388 fuisse
951 2331 1016 2388 et
1067 2324 1337 2389 diffundi
1383 2324 1565 2390 solita
1614 2326 1756 2389 vina
1804 2347 1967 2390 anno
2016 2326 2142 2388 633
2194 2325 2365 2390 urbis
2413 2331 2675 2412 apparet

76 2439 81 2530 l
423 2427 787 2516 indubilato
857 2451 987 2515 vini
1059 2449 1378 2537 Opimiani
1444 2458 1834 2536 argumento,
1893 2452 2045 2536 jam
2118 2451 2681 2536 intelligente

424 2598 652 2642 suum
703 2575 938 2641 bonum
990 2575 1236 2642 Italia.”

512 2704 690 2785 Quae
739 2726 935 2787 quum
981 2703 1068 2767 ita
1114 2704 1259 2784 sint,
1307 2703 1564 2796 fortasse
1603 2726 1681 2767 ne
1721 2704 1785 2767 in
1829 2703 2025 2767 altero
2049 2703 2299 2788 quidem
2330 2704 2669 2797 eorund'em

426 2851 747 2894 censorum
818 2829 1041 2907 edicto,
1105 2849 1231 2911 quo
1292 2834 1548 2891 cautum
1611 2834 1744 2891 erat
1805 2850 1959 2905 „ne
2020 2827 2203 2911 quis
2270 2826 2673 2891 venderet

428 2961 862 3039 unguenta
931 2953 1413 3037 exotica”2),
1462 2952 1538 3017 de
1586 2952 1842 3017 luxuria
1886 2952 2221 3017 coercenda
2267 2953 2669 3037 cogitandum

429 3087 540 3144 est.
611 3079 789 3145 Idem
851 3078 1202 3143 existimare
1270 3078 1515 3142 videtur
1564 3078 1930 3159 Mommsen,
1980 3080 2088 3162 qui
2136 3079 2212 3143 ad
2263 3079 2429 3142 hunc
2482 3079 2668 3143 Plinii

427 3204 665 3269 locum:
734 3204 1055 3283 „Indess”
1122 3191 1333 3288 inquit
1393 3203 1589 3281 „wird
1654 3203 1743 3267 als
1805 3204 1912 3266 das
1975 3201 2294 3290 Compelle
2344 3203 2476 3267 hier
2524 3203 2671 3266 viel-

427 3330 620 3394 leioht
667 3330 961 3414 richtiger
1008 3330 1187 3393 nicht
1230 3330 1331 3393 die
1381 3327 1551 3393 Nota
1599 3328 1889 3412 gedaoht,
1929 3328 2194 3391 sondern
2241 3330 2378 3393 eine
2429 3328 2676 3395 Steuer-

429 3456 574 3519 oder
621 3454 1128 3519 Zollvorsehrift''
1155 3453 1227 3539 ³).
1279 3454 1633 3535 Quominus
1674 3462 1886 3549 autem
1930 3452 2005 3518 de
2045 3454 2139 3518 his
2165 3477 2275 3540 pro
2302 3462 2469 3518 certo
2492 3455 2673 3539 quid-

430 3601 612 3663 quam
661 3587 1031 3657 statuamus,
1082 3579 1528 3665 impedimento
1568 3587 1662 3643 est
1709 3580 2210 3643 testimoniorum
2258 3579 2489 3664 inopia.

500 3790 550 3855 1)
587 3792 713 3841 Gell.
762 3790 838 3843 ll.
863 3793 951 3865 ,²4·
989 3794 1034 3843 2.
1073 3791 1148 3842 cf.
1189 3793 1464 3842 Mommsen
1502 3794 1558 3842 R.
1580 3794 1637 3841 G.
1661 3790 1733 3843 Il.
1756 3808 1862 3857 pag.
1886 3792 1983 3840 392
2008 3829 2033 3850 „
2054 3791 2142 3840 Die
2163 3790 2395 3841 [talisohe
2415 3791 2673 3855 Weinpro-

433 3882 629 3932 duetion
681 3900 768 3933 vor
815 3884 983 3946 aliem,
1031 3884 1110 3932 die
1155 3884 1312 3933 theiis
1345 3884 1423 3932 die
1462 3885 1736 3947 Eroffnung
1774 3896 2122 3945 gezwungener
2156 3883 2368 3944 Merme,
2404 3882 2554 3931 theils
2590 3882 2675 3930 das

433 3991 538 4025 zum
604 3976 818 4041 Beispiel
887 3978 936 4025 in
1003 3976 1112 4026 dem
1169 3976 1724 4039 Aufwandgeeetz
1791 3992 1904 4025 von
1964 3975 2051 4024 161
2111 3974 2674 4039 ausgesprochene

435 4065 666 4115 Verbot
711 4066 818 4115 der
853 4066 1362 4115 auslandisehen
1391 4066 1622 4115 ‘Weine
1658 4067 1720 4115 in
1759 4065 2009 4115 Italien
2040 4065 2161 4114 auch
2200 4065 2450 4114 kiinstlioh
2490 4064 2677 4115 forder-

432 4162 530 4217 ten,
565 4156 764 4206 erzielte
798 4156 910 4206 sehr
948 4157 1248 4206 bedentende
1289 4157 1507 4221 Erfolge.

498 4250 545 4310 2)
583 4250 713 4299 Plin.
750 4250 812 4299 N.
850 4248 913 4299 H.
951 4246 1103 4301 X111.
1141 4251 1187 4299 3.
1227 4250 1306 4299 24.
1747 4249 1801 4313 3)
1836 4248 1893 4302 R.
1932 4248 1979 4298 s,
2016 4246 2089 4299 11.
2124 4262 2233 4312 pag.
2270 4248 2367 4296 368
2404 4263 2453 4297 n.
2490 4247 2539 4295 e.

2440 4447 2473 4491 4
