3350 5250
1550 552 1652 644 *93

479 793 589 857 sio.
652 792 834 863 Hanc
879 792 1121 878 sapiens
1167 813 1359 876 quare
1406 814 1530 856 non
1578 772 1803 857 debeat
1852 790 2018 871 dare,
2061 791 2435 856 reddunt
2483 792 2730 857 ratio-

487 940 655 981 nem
695 897 1068 996 diutius,
1117 915 1347 1001 quibus
1393 916 1510 981 hoc
1557 923 1651 982 est
1699 917 2109 1003 propositum.
2160 918 2295 1001 Ego
2337 922 2411 980 ut
2451 914 2724 981 breviter

484 1048 782 1126 tanquam
829 1032 896 1107 in
943 1043 1146 1107 alieno
1186 1042 1423 1127 j'udicio
1471 1042 1672 1107 dicam
1716 1047 1841 1106 cet.

575 1167 696 1233 Pro
765 1140 1118 1237 reddunt
1190 1167 1519 1232 diutius
1578 1167 1910 1252 legendum
1976 1173 2071 1231 est
2117 1159 2447 1263 reddant
2488 1167 2734 1233 diser·

486 1291 681 1359 tine.

1495 1479 1704 1539 XVII.

573 1652 716 1751 Tac.
772 1659 938 1723 Ann.
987 1655 1104 1724 VI.
1155 1660 1262 1727 49.

574 1782 783 1868 Igitur
829 1788 1114 1865 accusata
1162 1782 1226 1847 in
1277 1788 1521 1863 senatu,
1575 1804 1949 1866 quamquam
1994 1804 2198 1867 genua
2237 1789 2487 1867 patrum
2527 1770 2735 1847 advol-

486 1915 753 1989 veretur,
802 1908 1173 1992 luctumque
1219 1928 1606 1987 communem
1662 1913 1727 1971 et
1767 1906 1959 1991 magis
1996 1905 2360 1986 inbecillum
2405 1907 2731 1992 tali‘super

487 2056 632 2098 casu
697 2034 1062 2098 feminarum
1113 2033 1393 2098 animum
1439 2032 1687 2117 aliaque
1734 2032 1798 2097 in
1848 2032 2111 2096 eundem
2164 2031 2443 2097 dolorem
2494 2007 2727 2098 moesta

485 2166 552 2223 et
599 2159 945 2223 miseranda
990 2158 1101 2223 diu
1149 2158 1361 2239 ferret,
1415 2158 1567 2223 urbe
1614 2164 1827 2225 tamen
1878 2164 1995 2224 cet.

575 2282 698 2350 Pro
745 2284 882 2349 diu
931 2285 1192 2378 ferret
1239 2284 1574 2371 legendum
1622 2291 1717 2349 est
1762 2283 1903 2349 diu
1949 2283 2228 2351 fleret.

1481 2541 1719 2603 XVIII.

571 2747 734 2812 Ibid.
781 2749 898 2848 XI.
953 2749 1054 2813 14.
1103 2746 1334 2830 legitur
1377 2746 1442 2810 in
1482 2747 1683 2813 codd.

575 2872 718 2955 Quo
776 2873 1058 2959 exemplo
1119 2872 1420 2939 Claudius
1485 2880 1608 2938 tres
1662 2873 1873 2938 literas
1922 2873 2174 2960 adjecit,
2221 2852 2383 2959 qaae
2431 2877 2573 2941 usui
2620 2876 2733 2940 im·

487 2999 796 3084 peritante
841 3020 934 3076 ec,
981 3005 1128 3083 post
1170 2997 1566 3097 obliteratae,
1605 2999 1996 3084 aspiciuntur
2044 3001 2235 3064 etiam
2274 3003 2445 3066 nun‘c
2485 3001 2551 3065 in
2593 2989 2732 3067 aere

486 3123 734 3208 publico
779 3116 911 3188 dis'
948 3122 1429 3208 plebiscitis
1478 3146 1586 3210 per
1632 3127 1763 3188 fora
1810 3147 1881 3188 ac
1926 3105 2161 3210 templa
2214 3126 2351 3190 fixe.

576 3247 855 3334 Legatur
914 3271 1054 3313 cum
1117 3247 1375 3333 Madvig
1434 3249 1616 3334 (Adv.
1663 3248 1819 3316 Crit.
1868 3249 1958 3315 ΙΙ.
2007 3272 2148 3336 pag.
2200 3253 2355 3335 550)
2391 3251 2485 3315 'in
2548 3273 2731 3315 aere

335 3402 384 3475 θ’
487 3357 1025 3459 publicandis
1069 3373 1298 3458 plebi
1348 3374 1484 3440 iis.

1432 3548 1439 3552 ¹
1519 3606 1697 3667 x1x.

571 3787 736 3852 Ibid.
781 3785 974 3853 x111.
1023 3789 1133 3853 31.
1263 3801 1266 3804 ⁴

575 3910 864 3996 Vectigal
927 3933 1178 3996 quoque
1241 3911 1499 3994 quintae
1545 3919 1610 3976 et
1658 3911 1983 3976 vicesimae
2030 3913 2343 3979 venalium
2395 3915 2729 4000 mancipio·

488 4057 632 4100 rum
697 4023 1048 4114 remissum,
1110 4057 1298 4120 spec
1321 4035 1390 4099 ie
1451 4036 1707 4120 magis
1765 4059 1806 4121 q
1828 4058 1999 4101 uam
2053 4037 2161 4115 vi,
2210 4038 2359 4122 quia
2406 4061 2546 4104 cum
2595 4061 2736 4104 ven·

485 4161 651 4227 ditor
689 4162 959 4246 pendere
976 4137 1331 4246 juberetur,
1359 4160 1422 4224 in
1451 4150 1686 4247 partem
1713 4161 1899 4246 pretii
1920 4160 2303 4247 emptoribus
2326 4163 2733 4229 accrescebat.

568 4285 935 4370 Legendum
983 4291 1077 4352 est
1125 4285 1408 4372 specie
1459 4288 1719 4370 magis
1766 4309 1866 4371 qu
1890 4308 1925 4351 a
1948 4309 2009 4352 m
2060 4309 2159 4354 re.
