3350 5250
1525 657 1604 723 81

440 870 677 943 rentur,
737 864 854 929 nisi
917 865 1113 961 altera
1173 887 1313 950 pars
1357 865 1544 950 plane
1591 864 1789 929 victor
1834 864 2181 931 discederet
2227 888 2260 929 e
2310 864 2646 930 certamine
2670 913 2689 944 ,

443 988 637 1053 altera
685 988 788 1053 ita'
841 988 1124 1074 depressa
1184 989 1442 1074 jaceret,
1508 996 1584 1054 ut
1625 1013 1756 1055 sese
1803 1010 2047 1055 movere
2095 997 2161 1054 et
2205 992 2507 1076 respirare
2555 1013 2681 1056 non

441 1119 665 1197 posset.
733 1112 894 1177 Nam
959 1113 1292 1203 Gracchus,
1363 1136 1488 1198 quo
1559 1114 1781 1202 melius
1850 1123 2108 1181 conatus
2153 1138 2299 1199 suos
2348 1138 2680 1199 conseque·

399 1262 406 1268 ·
443 1245 634 1319 retur,
696 1262 886 1316 runas
946 1247 1010 1305 et
1053 1239 1208 1305 sicas
1244 1240 1309 1310 in
1350 1241 1554 1317 forum
1591 1241 1870 1331 projecit,
1920 1239 2150 1325 quibus
2188 1242 2349 1306 cives
2399 1241 2564 1307 inter
2624 1264 2687 1305 se

441 1363 936 1449 digladiarentur
960 1366 1034 1449 1).

533 1489 613 1567 In
696 1512 899 1555 rerum
983 1498 1193 1556 autem
1254 1497 1478 1555 natura
1548 1492 1823 1576 positum
1893 1498 2006 1571 est,
2079 1492 2190 1557 eos.
2227 1498 2402 1557 ‘ante
2474 1466 2690 1559 omnes

446 1590 733 1680 luxuriae
795 1615 1036 1681 deditos
1083 1618 1229 1696 esse,
1277 1616 1387 1699 qui
1437 1624 1785 1682 mercatura
1833 1616 1953 1682 sibi
2002 1616 2259 1681 divitias
2300 1639 2694 1703 comparave«

448 1742 595 1821 rint,
670 1742 1030 1827 praesertim
1101 1728 1172 1821 siss
1233 1749 1306 1806 ut
1365 1743 1529 1807 inter
1583 1742 1895 1810 Romanos
1941 1743 2089 1808 olim
2140 1744 2402 1828 equites,
2453 1744 2519 1808 in
2565 1743 2695 1809 illis

451 1869 860 1953 congerendis
921 1892 991 1933 ea
1061 1868 1431 1954 plerumque
1489 1868 1705 1933 valeat
1767 1870 1943 1948 rati0‚
2012 1867 2171 1953 quae
2232 1868 2309 1933 ab
2373 1861 2695 1934 honestate

451 1994 696 2079 saepius
763 2001 999 2058 remota
1057 2001 1168 2059 est.
1211 1996 1537 2059 Senatores
1590 1996 1788 2079 igitur
1832 1995 1897 2060 id
1946 1995 2045 2059 v'el
2094 1996 2355 2059 maxime
2403 2002 2693 2081 egerunt,

453 2123 525 2181 ut
592 2121 837 2201 equites
887 2116 1128 2203 opibus
1197 2125 1260 2182 et
1327 2119 1564 2185 divitiis
1635 2100 2116 2218 praefulgentes,
2187 2122 2419 2205 quibus
2490 2122 2705 2186 multo.
2766 2176 2774 2179 .

391 2324 396 2333 ᾗ
449 2243 698 2309 facilius
738 2263 924 2327 quam
971 2244 1091 2329 ipsi
1135 2245 1402 2328 gratiam
1451 2245 1815 2331 popularem
1864 2246 1978 2309 sibi
2030 2246 2359 2311 conciliare
2409 2253 2689 2333 possent,

449 2377 769 2456 tamquam
811 2365 1176 2437 metuendOs
1216 2371 1530 2460 potentiae
1569 2394 1718 2437 suae
1741 2372 2039 2452 tremulosi,
2064 2354 2471 2459 reprimerent
2494 2379 2686 2457 atque
2722 2424 2731 2429 .

450 2520 486 2562 a
551 2496 872 2585 republica
936 2466 1339 2563 removerent.
1413 2494 1600 2562 Haud
1660 2498 1874 2583 inepte
1938 2502 2151 2561 autem
2214 2496 2408 2581 statui
2458 2504 2694 2582 potest,

393 2707 401 2714 .
449 2622 650 2709 legem
711 2623 1042 2689 Aemiliam
1103 2646 1179 2688 ex
1207 2622 1463 2688 -eodem
1523 2622 2121 2709 studio·profectam
2174 2647 2303 2688 esse
2329 2624 2408 2709 2).
2451 2620 2689 2708 Hujus·

453 2749 620 2841 modi
678 2755 886 2813 autem
948 2749 1354 2834 cogitationes
1415 2756 1490 2812 ut
1542 2749 1674 2834 jam
1733 2748 1901 2836 apud
1961 2747 2260 2813 Catonem
2313 2751 2571 2814 fortasse
2620 2749 2686 2813 in

454 2875 704 2941 luxuria
773 2877 1109 2941 coercenda
1179 2876 1531 2954 valuerunt,
1594 2875 1682 2939 sic
1729 2875 2055 2939 manifesto
2100 2882 2401 2960 apparent
2445 2875 2511 2939 in
2560 2897 2697 2940 cen·

457 3022 602 3066 sura
663 2999 800 3068 Tib.
864 3000 1212 3087 Sempronii
1281 2999 1542 3066 Gracchi
1615 3008 1679 3066 et
1748 2999 1815 3064 O.
1866 2998 2114 3065 Claudii
2180 2971 2442 3065 Pulchri
2512 3002 2733 3084 (anno

454 3183 736 3236 ἀδικώτατοι
771 3185 1169 3250 κατεψηφίσαντο
1198 3187 1444 3252 (equites).
1467 3184 1668 3254 Δἐσήχθη
1704 3189 1799 3250 γὰρ
1851 3183 1899 3243 ἐς
1950 3183 2243 3248 δικαστήριον
2278 3183 2343 3236 ἐκ
2378 3205 2407 3236 κ
2420 3204 2455 3237 a
2468 3205 2501 3236 τ
2514 3205 2547 3236 a
2562 3205 2635 3236 σκ
2648 3203 2697 3236 ε-

455 3294 484 3325 υ
497 3295 532 3326 oe
545 3295 624 3340 σμ
637 3296 660 3327 ο
673 3279 700 3324 ὕ
735 3293 769 3326 τ
780 3283 818 3326 ὦ
827 3295 850 3326 ν
885 3279 952 3326 ἷπ·
964 3295 1001 3326 π·
1012 3277 1082 3327 έω
1095 3297 1118 3327 ν
1153 3279 1213 3337 ὡς
1249 3277 1566 3340 δωροδοκήσας
1596 3278 1779 3342 Κυίντῳ
1816 3278 2020 3340 Μουκίῳ,
2058 3277 2144 3327 καὶ
2175 3275 2409 3344 ἐζημιώθη
2440 3277 2523 3328 ὑπ’
2543 3277 2701 3328 αὐτῶν
2794 3302 2798 3310 ·

455 3366 710 3430 χρήμασιν.
782 3372 985 3419 ταῦτα
1053 3366 1354 3429 ἐποίησαν
1421 3370 1576 3432 θυμῷ
1628 3368 1931 3433 φέροντες
1983 3368 2078 3419 ὅτι
2137 3372 2347 3419 πολλὰ
2394 3369 2539 3431 περὶ
2582 3373 2703 3429 τὰς

457 3477 525 3509 τε
539 3461 757 3518 amulae
785 3471 864 3509 πλ
879 3440 1005 3522 ηιμ
1019 3463 1322 3518 ελοῦνταες
1359 3459 1602 3522 &vrbo-“xe
1616 3461 1689 3510 ν.”
1723 3463 1794 3513 De
1830 3463 2046 3528 equit-um
2089 3464 2140 3513 in
2182 3468 2433 3514 senatores
2450 3448 2561 3513 odio
2583 3463 2693 3514 vide

459 3552 562 3605 Oic.
595 3569 684 3619 pro
719 3555 888 3605 Plane.
923 3555 1060 3604 XIII.
1093 3555 1172 3604 33.
1211 3570 1239 3614 ,3
1259 3553 1494 3618 Equitum
1523 3571 1612 3620 ego
1659 3555 1992 3605 Romanorum
2028 3555 2080 3604 in
2117 3555 2341 3608 homiues
2358 3553 2697 3629 nobilissimos

459 3647 732 3708 maledicta,
775 3647 1148 3713 publicanorum
1195 3649 1249 3698 in
1297 3647 1359 3714 Q.
1406 3647 1711 3708 Scaevolam,
1767 3642 1928 3698 virum
1978 3641 2208 3698 omnibus
2241 3649 2453 3713 ingenio,
2484 3648 2703 3712 justitia,

456 3740 748 3804 integritate
777 3744 1124 3805 praestantem,
1154 3755 1324 3805 aspere
1358 3745 1408 3790 et
1441 3739 1670 3790 ferociter
1704 3744 1752 3789 et
1787 3739 1941 3788 libere
1972 3739 2106 3788 dicta
2139 3754 2516 3790 commemorem
2529 3740 2586 3790 ΡΞ*

533 3831 586 3897 1)
621 3829 726 3882 Cic.
759 3831 818 3880 de
853 3831 975 3895 legg.
1011 3829 1107 3883 ΙΙΙ.
1146 3833 1192 3881 9.
1229 3832 1311 3882 20.

531 3922 584 3987 2)
622 3920 697 3970 cf.
737 3921 966 3975 Roscher.
1015 3922 1108 3975 Die
1156 3921 1473 3986 Grundlagen
1508 3921 1595 3971 der
1630 3918 2194 3974 National-Oeconomie.
2230 3921 2371 3973 Bueh
2407 3921 2475 3970 11.
2510 3920 2636 3985 Καρ.
2672 3919 2703 3968 2

467 4017 489 4076 ς
541 4013 638 4062 235
694 4013 976 4084 pag-„452²
1035 4015 1166 4073 „Bei
1216 4013 1309 4063 den
1362 4013 1571 4063 meieten
1625 4013 1842 4065 Vfflkern
1894 4013 2100 4076 beginnt
2148 4011 2224 4061 die
2276 4012 2621 4077 Luxuepolizei
2658 4012 2710 4060 iu

466 4103 552 4153 der
586 4093 998 4167 Uebergangsieit
1031 4119 1118 4152 aue
1150 4102 1235 4153 der
1271 4103 1414 4153 Erote
1448 4103 1500 4152 in
1537 4102 1617 4152 die
1650 4103 1835 4152 Zweite
1870 4101 2077 4152 Periode
2097 4135 2143 4152 ..
2166 4140 2179 4154 .
2199 4140 2213 4153 .
2249 4103 2305 4151 In
2326 4101 2484 4152 dieser
2500 4101 2709 4151 Periode

465 4195 582 4244 tritt
616 4193 922 4259 gewbhnlich
962 4194 1046 4243 das
1083 4193 1368 4244 Aufbliihen
1402 4194 1486 4244 dee
1525 4193 1909 4258 Biirgerstandes
1943 4193 2040 4242 und
2074 4194 2161 4244 der
2198 4192 2390 4243 Verfall
2424 4193 2508 4243 der
2544 4193 2716 4243 ritter-

465 4285 629 4335 lichen
675 4285 1006 4334 Arietokratie
1051 4287 1146 4336 ein.
1195 4286 1290 4335 Die
1323 4285 1537 4335 hoheren
1573 4285 1753 4334 stando
1791 4285 1937 4334 seben
1973 4302 2208 4350 ungerne,
2246 4301 2385 4335 wenn
2417 4284 2502 4334 'die
2542 4284 2705 4334 niede·

468 4391 554 4426 ren
590 4392 641 4426 ea
673 4393 736 4426 an
772 4376 1232 4427 aiisseremGlanze
1263 4376 1412 4427 ihnen
1449 4375 1794 4441 gleichthun.”

2480 4466 2511 4513 6
