3350 5250
1727 576 1809 637 88

646 788 1062 857 assumebant.
1111 787 1307 873 OuJus
1354 787 1447 852 rei
1494 786 1735 874 primus
1781 784 1905 852 suit
1950 789 2165 851 auctor
2210 781 2301 849 M.
2348 783 2641 848 Valerius
2685 783 2894 848 Maxi-

649 937 806 994 mus,
867 913 981 1000 qui
1043 913 1327 980 Messana
1391 912 1544 978 urbe
1601 917 1956 999 expugnata
2000 909 2325 976 Messalam
2372 907 2491 974 sibi
2534 929 2891 993 cognomen

650 1042 890 1128 imponi
935 1062 1152 1126 passus
1196 1044 1291 1104 est
1315 1039 1385 1124 1).
1706 1023 1710 1028 ’

739 1168 926 1234 Hisce
971 1166 1267 1252 exemplis
1311 1165 1464 1230 satis
1509 1187 1604 1228 me
1649 1163 1992 1228 ostendisse
2036 1161 2324 1226 existimo
2368 1161 2719 1246 optimates,-
2759 1181 2895 1245 qno

655 1293 882 1379 majore
927 1292 1304 1362 anctoritate
1345 1291 1663 1369 florerent,
1711 1311 1783 1355 eo
1821 1288 1963 1375 plus
2000 1287 2348 1372 arrogantia
2387 1286 2649 1352 crevisse
2686 1307 2897 1371 eoque

655 1420 910 1504 longius
955 1443 990 1484 a
1035 1419 1273 1484 ratione
1319 1417 1468 1482 olim
1514 1414 1779 1502 probata
1814 1414 2127 1480 recessisse
2166 1419 2231 1478 et
2251 1435 2628 1498 quamquam
2654 1414 2899 1499 majore

653 1544 1065 1632 temperantia
1111 1543 1208 1610 usi
1253 1549 1403 1608 sunt
1447 1541 1542 1608 illi
1585 1564 1740 1627 quos
1786 1539 2118 1606 memoravi
2168 1539 2302 1618 viri,
2344 1521 2533 1623 quam
2574 1539 2683 1624 qui
2722 1537 2907 1604 dein-

657 1695 800 1758 ceps
845 1671 1136 1738 exstitere
1189 1669 1448 1750 nobiles,
1497 1677 1709 1733 tamen
1752 1667 2010 1734 aderant
2048 1667 2176 1752 jam
2222 1666 2460 1756 semina·
2498 1665 2899 1752 corruptelae

661 1799 854 1876 illius,
919 1819 1078 1883 quae
1137 1803 1348 1882 postea
1410 1802 1735 1881 tantopere
1781 1815 1995 1858 eorum
2044 1792 2365 1878 potentiae
2408 1791 2646 1857 nocuit.
2694 1791 2905 1856 Erant

652 1925 802 2010 jam,
863 1923 973 2008 qui
1038 1921 1194 1986 adeo
1253 1920 1484 2007 gloriae
1545 1919 1893 2006 cupiditate
1954 1917 2305 2004 flagrarent,
2370 1923 2444 1982 ut
2500 1918 2597 1982 vel
2640 1925 2904 1984 senatus

663 2048 1038 2114 auctoritate
1080 2053 1286 2133 spreta
1332 2047 1390 2112 ei
1429 2047 1756 2131 indulgere
1796 2050 2191 2110 conarentur.
2234 2044 2457 2110 Veluti
2493 2042 2582 2108 M.
2608 2042 2904 2130 Papirius

661 2173 888 2253 Mass0,
948 2175 1081 2260 qni,
1144 2195 1341 2258 quum
1400 2197 1438 2238 a
1497 2181 1718 2238 senatu
1764 2172 2157 2258 triumphum
2204 2193 2328 2236 non
2374 2172 2781 2258 impetrasset,
2830 2173 2941 2238 in·

664 2298 908 2364 Albano
974 2305 1184 2366 monte
1245 2298 1679 2385 triumphandi
1736 2305 1801 2363 et
1856 2299 1987 2384 ipse
2016 2350 2023 2358 .
2049 2299 2303 2364 initium
2364 2298 2515 2364 fecit
2573 2304 2637 2363 et
2683 2298 2908 2364 ceteris

669 2432 882 2512 postea
929 2424 1281 2509 exemplum
1329 2423 1617 2511 praebuit
1641 2426 1709 2508 2).

754 2548 844 2614 Ut
901 2549 1096 2635 magis
1156 2557 1366 2615 autem
1431 2555 1495 2614 et
1553 2549 1719 2614 inter
1778 2550 1939 2637 ipsos
1976 2547 2240 2620 ,nobiles
2300 2548 2632 2614 tolleretur
2679 2571 2907 2635 aequa-

665 2676 860 2741 litatis
919 2678 1099 2755 ratio,
1147 2684 1210 2741 et
1257 2675 1548 2742 nobilitas
1593 2676 1795 2741 omnis
1838 2700 1873 2741 a
1909 2676 2153 2761 reliquo
2199 2677 2431 2763 populo
2477 2684 2907 2759 secerneretur

667 2800 854 2865 etiam
900 2801 1024 2865 alia
1069 2801 1270 2866 effecit
1317 2824 1521 2869 causa.
1573 2802 1825 2867 Etenim
1867 2824 2009 2867 cum
2058 2802 2135 2867 iis
2185 2801 2432 2893 populis
2480 2802 2645 2868 bella
2666 2825 2907 2888 =gerere

668 2934 998 3012 coeperant
1041 2926 1324 3007 Romani,
1369 2928 1480 3012 qui
1525 2929 1839 2993 Samnites
1884 2950 1955 2993 ac
1994 2926 2253 2993 Latinos
2294 2924 2623 3014 disciplina
2648 2927 2909 2992 militari

669 3053 1017 3138 peritiaque
1062 3051 1284 3119 bellica
1334 3053 1514 3139 longe
1561 3052 1958 3139 superabant.
2004 3053 2229 3138 Itaque
2269 3054 2334 3119 in
2379 3054 2478 3117 bis·
2513 3053 2690 3149 bellis
2714 3052 2910 3125 duces

672 3177 1011 3261 quaerendi
1071 3186 1272 3255 erant,
1335 3201 1600 3263 quorum
1672 3180 2017 3265 ingenium,
2065 3178 2247 3245 variis
2295 3180 2492 3244 modis
2536 3184 2910 3266 spectatum,

673 3302 754 3368 ad
815 3326 942 3367 rem
1003 3303 1332 3369 militarem
1399 3304 1693 3371 idoneum
1758 3305 2092 3385 videretur,
2139 3313 2205 3371 et
2250 3306 2383 3390 qui,
2431 3311 2739 3390 quantum
2789 3326 2909 3371 usu

675 3436 742 3492 et
785 3428 1181 3513 experientia,
1229 3434 1472 3493 tantum
1519 3429 1706 3494 etiam
1747 3430 2075 3516 disciplina
2116 3405 2510 3495 excellerent.
2534 3431 2677 3494 Hoc
2698 3436 2913 3495 autem

676 3555 740 3619 in
788 3576 854 3618 re
900 3554 1156 3619 militari
1200 3576 1326 3619 non
1377 3556 1568 3640 magis
1612 3577 1798 3639 quam
1838 3556 1904 3620 in
1945 3576 2012 3620 re
2054 3555 2221 3620 civili
2263 3553 2541 3619 valebat:
2581 3576 2739 3641 opus
2778 3564 2916 3621 erat

681 3678 1146 3762 magistratibus
1191 3676 1279 3743 ita
1320 3680 1579 3745 eruditis
1615 3688 1810 3764 atque
1846 3681 2129 3759 excultis,
2175 3689 2249 3745 ut
2288 3702 2439 3766 prae
2476 3680 2699 3746 ceteris
2735 3681 2919 3767 digni
3014 3709 3018 3711 ·

681 3813 906 3883 essent,
954 3805 1062 3888 qui
1110 3804 1553 3891 rempublicam
1601 3786 2149 3873 administrandam
2196 3808 2583 3894 susciperent
2607 3810 2682 3894 ⁸).
2730 3807 2915 3873 Unde

679 3935 899 4015 sponte
944 3930 1226 4012 sequitur
1271 3952 1391 4010 eos,
1433 3930 1542 4013 qui
1580 3932 1675 3995 his
1714 3930 1955 3997 artibus
1995 3932 2467 4019 praepollerent,
2494 3933 2684 4009 etiam
2708 3932 2915 4019 gratia.

750 4226 800 4291 1)
837 4226 988 4275 Macr.
1026 4227 1126 4275 Sat.
1161 4226 1188 4275 I
1222 4227 1267 4275 6.
1304 4227 1386 4279 86.
1787 4230 1839 4294 2)
1881 4229 1986 4278 Val.
2023 4230 2158 4280 Max.
2196 4230 2294 4280 111.
2332 4229 2378 4279 6.
2416 4233 2463 4281 5.

753 4316 800 4379 3)
833 4314 908 4365 Cf.
957 4316 1106 4367 etiam
1130 4316 1426 4366 'Mommsen
1473 4318 1530 4369 R.
1576 4318 1634 4368 G.
1672 4317 1697 4366 1
1730 4334 1839 4385 pag.
1878 4318 2001 4372 789:
2041 4319 2179 4379 „Die
2216 4320 2621 4386 Aussebliessung
2656 4320 2743 4371 der
2786 4322 2917 4373 Aer·
