3350 5250
1549 634 1627 695 51

541 834 680 905 Lib.
729 830 858 901 III.
906 838 967 902 3.
1024 838 1078 903 7.
1119 831 1312 914 „Nos
1336 858 1586 921 quoque
1632 838 1752 922 ipsi
1778 838 2155 923 nuperrime,
2186 859 2329 903 cum
2358 838 2705 926 legeremus

455 960 731 1042 Fretum,
796 984 1022 1027 nomen
1088 969 1183 1027 est
1245 963 1311 1028 id
1369 964 1721 1027 comoediae
1764 985 1950 1047 quam
2001 962 2217 1028 Plauti
2264 987 2395 1029 esse
2440 965 2695 1050 quidam

455 1108 579 1151 non
625 1092 876 1171 putant,
928 1084 1094 1151 haud
1141 1087 1483 1171 quidquam
1533 1086 1980 1168 dubitavimus,
2006 1088 2159 1172 quin
2186 1112 2257 1153 ea
2283 1088 2496 1172 Plauti
2521 1090 2701 1171 foret,

455 1220 520 1277 et
587 1212 866 1277 omnium
936 1210 1186 1296 quidem
1263 1212 1530 1276 maxime
1599 1212 1895 1297 genuina.
1965 1212 2076 1277 Ex
2142 1236 2299 1297 qua
2342 1215 2504 1279 duo
2569 1215 2708 1281 hos

458 1358 746 1400 versus
815 1335 1446 1421 exscripsimus,
1497 1342 1586 1399 ut
1631 1336 2071 1401 historiam
2118 1326 2709 1423 quaereremus
2768 1366 2779 1378 ‘

457 1459 778 1528 oraculi
824 1459 1244 1527 arietini.''
2358 1534 2369 1543 ,

545 1584 685 1651 Lib.
728 1584 842 1653 IV.
889 1588 990 1651 13.
1019 1588 1080 1653 3.
1123 1586 1354 1665 „Hoc
1400 1608 1485 1650 eo
1533 1587 1901 1651 strictim
1948 1588 2268 1669 notavi,
2318 1590 2705 1673 quoniam

457 1711 524 1777 in
573 1714 660 1777 M.
709 1710 963 1777 Catonis
1008 1712 1310 1790 oratione,
1357 1734 1481 1796 qua
1531 1714 1871 1777 Voconiam
1913 1712 2111 1797 legem
2154 1714 2372 1793 suasit,
2414 1715 2710 1799 quaeri

459 1818 715 1916 solet,
762 1836 960 1920 quid
1013 1836 1096 1900 sit
1142 1836 1452 1917 classicus,
1500 1836 1654 1921 quid
1703 1837 1862 1901 infra
1909 1836 2203 1901 classem”
2230 1839 2303 1922 1).
2460 1914 2465 1917 ¹

551 1961 778 2046 Itaque
837 1960 1071 2026 Lucilii
1117 1961 1459 2046 Laeviique
1498 1960 1775 2027 versibus
1810 1963 1878 2027 in
1916 1962 2087 2027 aliud
2121 1970 2370 2047 tempus
2409 1963 2713 2049 sepositis,

461 2093 772 2152 venerunt
819 2086 878 2151 ei
922 2086 992 2151 in
1039 2109 1292 2178 manum
1341 2087 1514 2172 Ateji
1561 2086 1993 2171 Conjectanea‚
2038 2110 2113 2179 ex.
2152 2086 2383 2171 quibus
2418 2111 2518 2152 eas
2542 2088 2709 2173 leges

463 2214 788 2299 excerpsit,
838 2212 1005 2278 unde
1049 2214 1127 2277 ad
1177 2234 1388 2279 versus
1436 2213 1576 2279 illos
1613 2213 2017 2279 illustrandos
2054 2213 2295 2298 aliquid
2319 2212 2548 2277 lucrari
2574 2236 2711 2299 pos·

463 2346 578 2418 set,
641 2338 942 2403 Fanniam
983 2338 1121 2403 dico
1161 2345 1224 2403 et
1262 2337 1591 2404 Liciniam.
1617 2339 1781 2405 Nam
1806 2339 2138 2423 quominus
2162 2360 2301 2401 cum
2327 2337 2637 2402 Mercklin
2666 2341 2715 2423 2)

464 2470 528 2527 et
598 2463 868 2529 Dirksen
895 2466 945 2549 3)
1013 2464 1390 2529 contrarium
1447 2463 1652 2528 Gellio
1700 2464 2031 2528 consilium
2076 2462 2267 2527 fuisse
2310 2463 2708 2549 accipiamus,

463 2611 732 2675 eumque
793 2611 918 2654 non
979 2588 1058 2654 ad
1120 2610 1331 2656 versus
1391 2588 1791 2674 explicandos
1837 2589 2021 2673 leges,
2072 2589 2197 2678 sed.
2224 2588 2301 2652 ad
2349 2588 2516 2674 leges
2562 2588 2708 2654 illu-

464 2715 746 2780 strandas
793 2738 1008 2780 versus
1045 2716 1123 2780 ad
1158 2722 1362 2801 partes
1387 2738 1652 2794 vocasse,
1680 2724 1825 2796 tres,
1853 2737 2083 2799 eaeque
2106 2716 2500 2800 gravissimae
2526 2716 2708 2782 ratio·

465 2864 576 2906 nes
645 2841 995 2926 prohibent.
1071 2841 1372 2921 Primum,
1438 2841 1676 2906 nullam
1741 2841 1994 2905 omnino
2040 2840 2195 2925 legis
2244 2839 2509 2904 Orchiae
2557 2840 2742 2904 fecit·

467 2965 880 3031 mentionem>
911 2964 1070 3045 Quis
1123 2988 1267 3029 vero
1312 2966 1525 3030 credat
1572 2964 1849 3030 Gellium
1899 2966 1963 3030 in
2010 2965 2254 3050 legibus
2301 2965 2707 3051 sumptuariis

468 3091 826 3155 enarrandis
889 3097 1068 3156 tanta
1129 3090 1409 3155 socordia
1473 3097 1781 3156 versatum
1847 3113 1997 3168 esse,
2064 3097 2137 3155 ut
2194 3113 2231 3154 a
2276 3091 2550 3160 secunda
2595 3091 2709 3154 ini-

466 3217 628 3281 tium
673 3215 945 3281 faceret?
993 3215 1234 3281 Deinde
1282 3239 1356 3280 ex
1404 3215 1541 3300 lege
1588 3214 1829 3280 Fannia
1866 3238 1938 3279 ea
1978 3222 2223 3282 tantum
2262 3215 2501 3295 attulit,
2544 3237 2704 3300 quae

468 3341 546 3406 ad
605 3339 920 3408 Lucilium
989 3340 1422 3428 explicandum
1487 3341 1757 3426 alicujus
1810 3342 2108 3406 momenti
2155 3349 2380 3421 essent,
2427 3340 2709 3426 reliquie,

469 3489 629 3552 quae
689 3473 850 3531 teste
905 3467 1114 3531 Plinio
1138 3469 1188 3551 ⁴)
1239 3466 1570 3548 continuit,
1619 3466 1932 3552 capitibus
1978 3467 2301 3551 neglectis.
2351 3467 2523 3531 Haec
2571 3489 2714 3531 con·

545 3814 594 3879 1)
642 3813 718 3863 cf.
769 3811 827 3861 de
862 3817 970 3862 tota
1004 3811 1094 3860 hac
1129 3827 1180 3860 re
1215 3811 1271 3862 L.
1307 3809 1568 3870 Mercklin,
1605 3811 1699 3859 Die
1738 3810 2149 3860 Citier·methode
2183 3811 2283 3860 und
2320 3811 2721 3876 Qucum-benut-

473 3922 600 3970 zung
645 3904 729 3954 des
773 3907 832 3955 A.
882 3903 1070 3952 Gellius
1106 3901 1434 3964 (Jahrbiicher
1473 3902 1553 3951 fiir
1588 3902 1869 3966 Philologie
1910 3901 2255 3974 1857†1860,
2293 3902 2431 3952 Band
2467 3901 2569 3967 Ill,
2610 3918 2721 3968 pag.
2767 3885 2773 3892 ³

477 3999 574 4050 696
609 4013 755 4063 seqq„
790 3996 875 4045 ubi
911 3995 1077 4060 plures
1111 3994 1350 4058 ejusmodi
1385 3994 1520 4044 locos
1555 3995 1759 4060 attulit).

543 4091 591 4150 2)
627 4090 661 4140 1.
697 4089 729 4138 1.
766 4104 875 4153 pag.
911 4086 1025 4139 700.

545 4183 592 4242 3)
638 4183 864 4246 Ausziige
908 4195 996 4227 aus
1040 4177 1133 4226 den
1179 4177 1428 4226 Schriften
1475 4167 1713 4228 des'riim.
1752 4176 2191 4240 Rechtsgelehrten
2227 4176 2280 4224 in
2315 4175 2409 4225 den
2444 4176 2505 4226 N.
2547 4178 2601 4226 Δ.
2641 4175 2724 4226 des

479 4274 535 4322 A.
572 4271 781 4320 Gellius.
817 4268 969 4336 (Abh.
1005 4268 1090 4317 der
1129 4268 1353 4316 Berliner
1391 4267 1537 4316 Acad.
1575 4267 1659 4317 der
1695 4267 1990 4317 wissensch.
2031 4267 2156 4316 1851
2196 4282 2305 4331 pag.
2341 4267 2446 4331 33).

545 4367 599 4428 4)
637 4363 698 4414 N.
736 4363 802 4412 Η.
839 4362 897 4412 x,
937 4361 1018 4410 50.
1057 4361 1171 4412 139.
