3350 5250
1748 584 1824 649 70

667 799 816 876 sint,
857 819 1055 882 quum
1105 797 1378 882 insignes
1423 819 1525 861 eas
1573 819 1707 861 esse
1744 817 1895 860 auro
1942 800 2007 859 et
2051 817 2353 882 pul-puro,
2402 815 2545 858 cum
2590 793 2731 858 illas
2768 795 2919 860 vebi

669 943 780 1009 per
826 919 1064 1003 urbem,
1116 945 1180 986 se
1217 921 1478 1006 pedibus
1517 921 1715 1004 sequi,
1756 928 2074 1004 tamquam
2120 920 2185 1012 in
2231 920 2480 984 illarum
2527 918 2917 997 civitatibus,

669 1070 794 1114 non
864 1050 930 1112 in
995 1069 1106 1112 sua
1164 1048 1493 1133 imperium
1543 1023 1692 1113 sit.”
1738 1047 2127 1111 Postremum
2176 1046 2289 1110 hoc
2336 1051 2450 1124 est,
2496 1045 2668 1128 quod
2713 1065 2917 1128 quum

667 1173 892 1257 viginti
939 1171 1116 1238 annis
1157 1171 1382 1256 elapsis
1431 1171 1520 1236 M.
1573 1171 1943 1235 Fundanius
1990 1178 2053 1234 et
2098 1169 2174 1234 L.
2222 1170 2517 1234 Valerius
2558 1168 2703 1234 trib.
2746 1168 2915 1254 pleb.

666 1295 1056 1381 rogationem
1125 1295 1363 1359 {errent
1426 1294 1503 1358 de
1571 1295 1685 1359 hac
1749 1295 1887 1378 lege
1946 1292 2317 1378 abroganda,
2379 1291 2535 1357 Cato
2561 1295 2627 1376 l),
2675 1293 2920 1377 quique

669 1441 812 1484 cum
877 1443 948 1484 eo
1019 1419 1347 1496 faciebant,
1418 1419 1585 1483 omni
1653 1441 1838 1505 opere
1894 1417 2025 1482 illis
2079 1417 2482 1498 resistebant3
2528 1417 2725 1482 altera
2772 1439 2921 1482 vero

572 1557 581 1562 ”
668 1542 976 1607 nobilium
1047 1565 1208 1628 pars,
1270 1542 1378 1626 qui
1446 1563 1787 1627 paucorum
1850 1541 2261 1606 dominationi
2307 1541 2617 1622 favebant,
2664 1541 2925 1626 abroga-

665 1670 825 1733 tioni
895 1668 1214 1753 suffragati
1284 1675 1453 1747 sunt,
1525 1668 1763 1732 scilicet
1821 1666 2089 1732 libenter
2150 1667 2462 1750 quidquid
2528 1665 2923 1750 arripienteS,

669 1794 839 1878 quod
887 1795 962 1858 ad
1017 1793 1458 1876 aequalitatem
1507 1793 1847 1857 tollendam
1897 1792 2152 1858 valeret.

759 1917 1053 1983 Ceterum
1124 1918 1282 1983 illud
1356 1939 1603 2002 quoque
1671 1918 2037 2003 tenendum,
2110 1917 2186 1982 ad
2259 1918 2595 1982 mulierum
2668 1924 2922 1982 tantum

671 2043 985 2108 luxuriam
1049 2043 1471 2126 hanc-legem
1533 2051 1857 2128 spectasse.
1922 2043 2129 2108 Erunt
2187 2043 2462 2120 fortasse,
2524 2042 2757 2126 quibus
2802 2043 2929 2108 hoc

670 2191 813 2233 cum
885 2191 976 2248 ea,
1047 2189 1234 2251 quam
1306 2167 1382 2232 de
1445 2169 1750 2254 ejusmodi
1811 2170 2023 2254 legum
2094 2170 2350 2234 consilio
2428 2176 2616 2254 atque
2678 2170 2927 2236 ratione

671 2293 968 2358 habemus
1014 2293 1366 2379 opinionem
1420 2295 1622 2358 minus
1673 2295 2003 2360 videantur
2050 2296 2395 2360 consentire
2442 2302 2506 2359 ct
2564 2317 2927 2381 repugnan-

681 2422 808 2482 tiae
869 2416 1195 2502 quandam'
1237 2419 1504 2504 speciem
1569 2442 1716 2505 prae
1778 2443 1842 2484 se
1884 2421 2064 2485 ferre.
2115 2421 2328 2485 Minus
2372 2427 2539 2485 recte
2587 2429 2818 2501 tamen,
2866 2422 2924 2486 si

669 2545 822 2629 quid
886 2545 1083 2608 viden.
1145 2543 1464 2608 Nimirum
1513 2546 1578 2609 in
1627 2547 2045 2611 aristocratica
2093 2546 2413 2632 regiminis
2456 2546 2651 2610 forma
2697 2545 2923 2612 mulie-

671 2691 808 2733 rum
882 2670 1126 2734 vivendi
1197 2671 1548 2754 agendique
1617 2672 1778 2735 ratio
1848 2671 2182 2736 admodum
2252 2692 2490 2756 semper
2554 2672 2739 2737 curae
2796 2672 2923 2737 tuit

670 2794 1152 2877 legislatoribus,
1240 2795 1425 2876 Quod
1509 2804 1584 2859 ut
1646 2796 1961 2861 verissime
2030 2796 2268 2861 dictum
2339 2802 2650 2882 appareat,
2719 2802 2923 2863 atten-

672 2919 889 2983 damus
967 2926 1266 3003 quantam
1331 2943 1544 2985 curam
1609 2920 1934 3007 Lycurgus
1995 2923 2060 2987 in
2130 2923 2287 2987 hanc
2346 2946 2475 2987 rem
2522 2922 2920 3009 impenderit,

656 3032 859 3126 'atque
928 3045 1342 3125 recordemur,
1408 3068 1569 3130 quae
1630 3048 1709 3111 de
1770 3048 2171 3132 Syracusanis
2236 3070 2311 3111 ex
2359 3048 2683 3113 Athenaeo
2726 3067 2920 3133 supra

672 3169 1004 3233 attulimus
1029 3170 1108 3256 ²).
2854 3158 2861 3163 Ι

765 3293 1062 3357 Romanis
1128 3317 1267 3359 vero
1330 3295 1659 3380 peculiaris
1708 3300 1843 3379 ejus
1890 3298 1978 3360 rei
2026 3297 2357 3362 accedebat
2404 3321 2607 3363 causa.
2663 3299 2919 3364 Etenim

681 3418 1050 3501 procedente
1114 3425 1394 3503 tempore
1448 3411 1640 3503 magis
1692 3421 2009 3504 magisque
2056 3428 2432 3486 recesserant
2476 3446 2511 3485 a
2560 3406 2778 3509 priscis
2825 3424 2922 3489 in-

577 3566 590 3575 ‘
675 3543 936 3621 stitutis‚
987 3542 1217 3625 quibus
1257 3544 1360 3627 jus
1409 3543 1677 3608 familiae
1727 3544 2065 3610 nitebatur.
2128 3546 2229 3610 Sic
2266 3568 2390 3610 non
2432 3548 2635 3611 solum
2660 3549 2921 3633 nuptiae

673 3667 837 3730 inter
927 3668 1326 3732 consobrinos
1397 3675 1753 3733 contractae
1824 3678 1995 3733 ratae
2064 3668 2475 3749 habebantur,
2544 3671 2649 3736 sed
2722 3673 2926 3754 rarius

675 3791 861 3853 etiam
913 3790 1044 3855 fieri
1089 3791 1346 3871 solebat,
1397 3800 1471 3857 ut
1527 3816 1753 3858 uxores
1796 3795 1862 3858 in
1890 3817 2164 3860 —manum
2214 3798 2578 3862 maritorum
2626 3801 2919 3864 conveni-

679 3921 839 3977 rent.
891 3913 1150 3981 Tutelae
1198 3938 1382 4001 porro
1425 3925 1793 4001 agnatorum
1843 3919 2137 3983 mulieres
2172 3936 2248 3985 *se
2296 3920 2799 4001 substrahebant,
2844 3946 2924 3988 ex

746 4207 795 4271 1)
835 4207 956 4256 Vide
981 4210 1267 4270 *orationem
1303 4210 1408 4273 ejus
1442 4212 1568 4276 apud
1605 4214 1711 4262 Liv.
1751 4213 1971 4264 XXXIV.
2007 4230 2113 4279 cap.
2152 4216 2299 4265 2-5,

737 4289 796 4359 '2)
834 4296 910 4345 cf.
944 4314 1089 4362 porro
1125 4300 1398 4350 orationem
1434 4302 1600 4351 Severi
1635 4302 1874 4353 Caecinae
1908 4305 2037 4369 apud
2070 4306 2183 4355 Tac.
2220 4308 2349 4355 Ann.
2387 4307 2479 4357 111.
2517 4308 2597 4357 33.
