3350 5250
1489 572 1571 633 53

391 782 658 843 tantum
708 783 774 842 et
827 778 1228 861 quasialiud
1276 800 1464 863 agens
1519 782 1811 863 exponat,
1859 777 2098 862 priores
2144 800 2286 842 vero
2334 776 2666 862 diligenter

387 909 463 966 et
520 903 943 987 singulatim?
992 905 1082 966 At
1128 903 1278 966 haec
1323 902 1532 967 omnia
1577 901 1912 966 admodum
1967 899 2279 987 probanda
2318 901 2382 965 in
2423 902 2661 967 addita·
2748 939 2763 948 ·

387 1035 642 1108 mento,
692 1027 862 1111 quod
910 1034 1142 1113 postea,
1188 1028 1479 1092 memoria
1524 1027 1743 1106 fretus,
1792 1026 2159 1112 composuit.
2500 1007 2511 1018 ’

495 1152 674 1217 Haec
721 1160 932 1216 autem
981 1155 1034 1216 si
1083 1160 1248 1216 recte
1295 1159 1360 1216 et
1409 1151 1624 1215 ordine
1670 1151 1989 1238 disputata
2035 1157 2205 1232 sunt,
2240 1152 2502 1235 aequius
2532 1152 2658 1237 jam

391 1284 467 1341 et
539 1254 774 1344 verius¹
815 1277 1097 1363 judicare
1160 1277 1521 1363 poterimus,
1587 1283 1826 1360 quanta
1884 1277 2037 1342 fides
2082 1275 2270 1341 Gellii
2317 1275 2671 1343 recensioni,

393 1403 497 1467 sit
552 1402 857 1467 habenda.
908 1401 1074 1469 Nam
1125 1401 1294 1486 quod
1339 1401 1711 1488 posteriores
1758 1401 1926 1486 leges
1973 1402 2395 1487 negligentius
2443 1402 2655 1488 paullo

395 1537 597 1613 atque
667 1529 1044 1594 incuriosius
1087 1519 1422 1608 tractavit,
1491 1529 1552 1592 id
1627 1550 1975 1612 numquam
2038 1550 2222 1592 causa
2288 1528 2466 1594 nobis
2524 1550 2657 1595 esse
2708 1511 2719 1528 ’

396 1653 612 1732 debet,
684 1676 799 1719 cur
863 1655 931 1718 in
1001 1653 1282 1718 Fannia
1277 1653 1668 1738 Liciniaque
1729 1652 1975 1738 legibus
2018 1627 2362 1737 quidquam
2411 1654 2489 1718 de
2535 1653 2657 1717 fide

407 1780 546 1864 ejus
607 1781 1000 1890 derogemus.
1066 1778 1301 1842 Contra
1347 1777 1731 1863 diligentiae,
1780 1800 1963 1882 quam
2007 1779 2071 1843 in
2122 1778 2217 1843 his
2262 1777 2507 1862 legibus
2552 1779 2655 1843 ad-

401 1903 630 1982 hibuit,
696 1908 822 1967 tam
887 1903 1262 1989 peculiarem
1328 1906 1634 1969 rationem
1698 1927 1829 1968 esse
1876 1910 2152 1989 apparet,
2202 1911 2276 1968 ut
2325 1926 2649 1989 nunquam

399 2028 547 2093 inde
595 2036 1036 2112 argumentum
1085 2028 1215 2112 peti
1264 2051 1438 2114 posse
1489 2028 1793 2108 videatur,
1845 2029 1905 2091 in
1952 2027 2173 2092 ceteris
2211 2028 2478 2113 legibus,
2509 2052 2653 2116 prae

403 2155 598 2220 Gellii
672 2155 1065 2233 auctoritate,
1138 2153 1523 2239 reliquorum
1595 2155 1964 2238 scriptorum
2048 2153 2233 2218 fidem
2295 2153 2467 2240 parvi
2523 2178 2652 2220 esse

403 2281 765 2347 faciendam.
831 2280 953 2358 Sic,
1019 2286 1091 2344 ut
1153 2280 1271 2344 hoc
1316 2279 1585 2359 afferam,
1637 2279 1892 2344 minime
1938 2279 2228 2344 accedere
2276 2280 2470 2344 ausim
2522 2281 2649 2366 opi-

401 2406 571 2471 nioni
646 2428 880 2484 eorum,
956 2405 1066 2489 qui
1136 2405 1324 2469 nnius
1387 2404 1585 2469 Gellii
1651 2403 2006 2470 testimonio
2053 2404 2220 2485 freti,
2271 2404 2426 2469 duas
2474 2404 2641 2489 leges

405 2531 701 2596 Aemilias
748 2532 939 2595 fuisse
987 2531 1368 2594 contendant
1393 2531 1466 2614 ¹).
1533 2521 1542 2530 ’

486 2656 702 2737 Quum
771 2656 968 2740 igitur
1037 2656 1190 2719 satis
1263 2628 1359 2719 me
1406 2654 1855 2719 demonstrasse
1902 2660 2140 2740 putem,
2192 2654 2351 2719 nihil
2399 2654 2644 2720 obstare

399 2782 734 2863 quominus
797 2802 1039 2844 summa
1095 2778 1300 2843 Gellio
1346 2779 1410 2842 in
1459 2777 1703 2863 legibus
1749 2777 1990 2843 Fannia
2036 2786 2100 2843 et
2146 2778 2388 2844 Licinia
2436 2786 2645 2845 aucto·

396 2904 543 2969 ritas
606 2902 1015 2983 attribuatur,
1079 2903 1369 2988 sequitur
1433 2924 1636 2987 neque
1685 2903 2102 2982 Athenaeum,
2150 2925 2355 2987 neque
2402 2882 2643 2968 Macro-

395 3028 642 3114 bium·²³)
712 3028 916 3113 ipsum
983 3026 1348 3113 Capitonem
1407 3027 1766 3113 inspexisse,
1821 3028 2053 3115 quippe
2100 3050 2367 3112 quorum
2416 3029 2494 3093 de
2539 3029 2640 3094 iis-

395 3144 530 3218 dem
602 3151 847 3238 legibus
905 3154 1334 3218 'testimonium
1398 3153 1553 3217 adeo
1615 3176 1650 3216 a
1696 3140 1978 3217 Gelliano
2026 3152 2291 3234 differat,
2341 3161 2415 3218 ut
2461 3154 2639 3219 nullo
2682 3120 2696 3127 -

393 3287 571 3365 pacto
623 3280 962 3345 consociari
1007 3280 1268 3365 possint.

480 3406 692 3470 Multa
764 3428 905 3470 vero
976 3406 1141 3491 apud
1218 3404 1608 3470 Macrobium
1681 3420 2055 3485 occurrere,‘
2094 3428 2252 3489 quae
2322 3430 2355 3469 e
2424 3406 2633 3471 Gellio

390 3530 726 3609 fluxerunt,
787 3555 969 3596 nemo
1026 3553 1147 3596 non
1195 3532 1377 3596 facile
1424 3532 1679 3596 videbit.
1730 3532 2008 3597 Primum
2058 3510 2221 3597 enirn
2272 3555 2639 3598 commemo-

391 3647 486 3721 rat
547 3658 682 3742 ejus
742 3658 1094 3744 opinionem
1157 3656 1235 3722 de
1295 3656 1573 3721 Fanniae
1634 3658 1790 3743 legis
1837 3664 2079 3736 aetate3
2129 3658 2354 3723 deinde
2401 3650 2636 3724 Lucilii

325 3824 339 3839 .
392 3782 748 3855 festivitatis
798 3782 1101 3845 meminit.
1151 3780 1329 3861 Quae
1376 3804 1572 3866 quum
1621 3783 1711 3847 ita
1758 3784 1910 3861 sint,
1950 3785 2091 3868 jure
2137 3806 2273 3849 meo
2322 3784 2474 3848 mihi
2520 3793 2635 3849 sta-

365 3912 561 4005 *tuere
617 3928 794 3991 posse
840 3906 1069 3984 videor,
1122 3928 1247 3971 non
1298 3908 1494 3991 magis
1531 3908 1740 3973 accedi
1789 3915 2075 3994 oportere
2122 3931 2335 3974 eorum
2384 3915 2631 3974 senten-

453 4129 502 4191 1)
543 4126 650 4175 Hoc
687 4127 910 4176 fecerunt
946 4126 1155 4176 Baebius
1191 4126 1323 4176 Hist.
1361 4128 1572 4192 Jurispr.
1609 4128 1672 4178 11.
1711 4129 1754 4177 2.
1793 4132 1815 4191 ς
1856 4131 1945 4189 56“;
1987 4131 2239 4179 Boxmann
2277 4130 2315 4180 l.
2348 4130 2383 4181 l.
2417 4146 2525 4195 pag.
2547 4131 2631 4181 43.

449 4216 504 4276 2)
540 4216 703 4265 Aliter
739 4215 797 4264 de
833 4217 1086 4265 Macrobio
1123 4214 1352 4267 Theodor
1378 4217 1684 4281 Frederking
1705 4219 1754 4268 in
1778 4219 1969 4279 libello,
1991 4236 2135 4284 quem
2158 4220 2216 4271 de
2242 4220 2485 4285 Capitone
2504 4237 2635 4269 com-

386 4314 610 4373 posuerat
646 4312 771 4356 teste
805 4307 864 4358 L.
901 4307 1166 4377 Mercklin,
1203 4306 1338 4359 Phil.
1379 4310 1437 4357 19
1465 4324 1581 4375 pag.
1621 4308 1736 4360 657.
