3350 5250
1680 571 1763 634 94

1561 918 1570 927 .
1655 874 1799 934 XX.

695 1049 858 1115 Ibid.
907 1049 1090 1116 XIV.
1144 1052 1248 1116 15.

699 1175 1154 1260 Dabanturque
1215 1175 1427 1260 stipes,
1489 1196 1644 1258 quas
1706 1173 1850 1238 boni
1914 1175 2300 1254 necessitate,
2364 1175 2851 1258 intemperantes

607 1301 806 1386 gloria
851 1306 1304 1366 consumerent.
1810 1299 1817 1306 ’

699 1425 821 1489 Pro
867 1425 1139 1510 gloria
1186 1423 1582 1490 scribendum
1633 1424 1849 1510 gula.

1639 1682 1815 1740 XXI.

702 1859 864 1926 Ibid.
913 1858 1087 1925 XIV.
1144 1862 1244 1923 19.

703 1988 1070 2069 Sequuntur
1129 1985 1401 2050 virorum
1465 1984 1810 2050 illustrium
1861 1990 2107 2064 mortes,
2158 1984 2419 2048 Domitii
2469 1983 2607 2048 Afri
2655 1990 2720 2047 et
2766 1985 2854 2047 M.

619 2110 885 2189 Servilii,
923 2110 1034 2195 qui
1083 2110 1342 2201 summis
1389 2109 1727 2176 honoribus
1776 2117 1841 2174 et
1885 2109 2085 2174 multa
2123 2110 2478 2193 eloquentia
2504 2109 2853 2194 viguerant,

614 2235 724 2300 ille
793 2235 1025 2299 orando
1092 2257 1328 2314 causaS,
1394 2235 1694 2304 Servilius
1756 2234 1866 2300 diu
1912 2235 2065 2314 for0,
2115 2255 2256 2299 mox
2302 2233 2625 2308 tradendis
2670 2232 2855 2298 rebus

616 2360 916 2424 Romanis
985 2359 1245 2424 celebris
1314 2366 1379 2423 et
1427 2359 1737 2444 elegantia
1786 2362 1949 2423 vitae
1968 2388 1986 2439 3
2032 2382 2221 2443 quam
2267 2358 2587 2423 clariorem
2634 2357 2856 2435 effecit,

623 2490 696 2548 ut
739 2507 850 2568 par
898 2482 1172 2568 ingenio,
1223 2483 1314 2547 ita
1358 2504 1597 2549 morum
1648 2482 1946 2548 diversus.

709 2607 834 2673 Pro
875 2607 1314 2674 clariorem
1361 2608 1610 2693 legatur
1655 2608 2170 2674 hilariorem.

1635 2867 1846 2927 XXII.

714 3065 988 3133 Macrob.
1037 3066 1166 3132 Sat.
1213 3068 1330 3132 111.
1385 3068 1488 3133 17.
1536 3072 1599 3134 9.

715 3194 834 3261 Sed
903 3195 1072 3278 leges
1129 3192 1411 3259 Liciniae
1471 3216 1734 3274 summa,
1798 3200 1871 3258 ut
1930 3194 2235 3260 Kalendis
2294 3194 2496 3260 Nonis
2540 3194 2863 3260 Nundinis

626 3320 925 3385 Romanis
1004 3319 1231 3403 cuique
1299 3319 1362 3383 in
1435 3320 1566 3385 dies
1638 3320 1919 3405 singulos
1987 3322 2251 3405 triginta
2318 3320 2636 3387 dumtaxit
2703 3343 2866 3384 asses
2969 3316 2991 3327 ”

627 3444 865 3511 edundi
939 3466 1125 3509 causa
1193 3466 1554 3509 consumere
1621 3446 1860 3523 liceret,
1930 3446 2151 3511 ceteris
2224 3470 2369 3512 vero
2434 3438 2656 3511 diebus
2727 3446 2870 3530 [qui

629 3569 873 3653 excepti
915 3591 1040 3633 non
1088 3570 1316 3653 essent]
1366 3590 1444 3633 ne
1492 3569 1759 3656 amplius
1806 3570 2064 3635 daretur
2108 3578 2229 3635 cet.

718 3693 1150 3779 Expungenda
1194 3701 1343 3759 sunt
1387 3694 1572 3759 verba
1617 3698 1798 3760 uncis
1843 3695 2113 3761 inclusa.

1635 3952 1880 4014 XXIII.

725 4151 820 4217 De
846 4147 1266 4237 uitdrukking
1301 4173 1342 4238 p
1357 4158 1538 4239 arte
1556 4174 1587 4217 s
1626 4176 1654 4217 s
1671 4176 1707 4217 e
1726 4174 1757 4217 c
1772 4176 1809 4217 a
1824 4175 1864 4217 n
1887 4159 1965 4217 to
2002 4153 2065 4217 in
2090 4153 2168 4217 de
2194 4152 2331 4219 XII
2356 4153 2604 4240 tafelen,
2628 4152 2723 4240 (Τ.
2744 4152 2874 4221 ΙΙΙ.

643 4279 704 4356 6,
750 4274 980 4361 Bruns)
1027 4280 1194 4339 moet
1234 4274 1302 4340 in
1347 4275 1726 4361 letterlijken
1774 4276 1875 4341 zin
1922 4276 2168 4341 worden
2217 4283 2499 4363 opgevat.
