<?xml version="1.0" encoding="UTF-8"?>
<!DOCTYPE html PUBLIC "-//W3C//DTD XHTML 1.0 Transitional//EN"
    "http://www.w3.org/TR/xhtml1/DTD/xhtml1-transitional.dtd">
<html xmlns="http://www.w3.org/1999/xhtml" xml:lang="en" lang="en">
 <head>
  <title>
</title>
<meta http-equiv="Content-Type" content="text/html;charset=utf-8" />
  <meta name='ocr-system' content='tesseract 3.04.00' />
  <meta name='ocr-capabilities' content='ocr_page ocr_carea ocr_par ocr_line ocrx_word'/>
</head>
<body>
  <div class='ocr_page' id='page_1' title='image "./deromanorumlegi00houwgoog_0027.png"; bbox 0 0 3350 5250; ppageno 0'>
   <div class='ocr_carea' id='block_1_1' title="bbox 1339 557 1528 621">
    <p class='ocr_par' dir='ltr' id='par_1_1' title="bbox 1339 557 1528 621">
     <span class='ocr_line' id='line_1_1' title="bbox 1339 557 1528 621; baseline 0 -1"><span class='ocrx_word' id='word_1_1' title='bbox 1339 557 1528 621; x_wconf 22' lang='lat'><strong>‘15</strong></span> 
     </span>
    </p>
   </div>
   <div class='ocr_carea' id='block_1_2' title="bbox 342 765 2629 3497">
    <p class='ocr_par' dir='ltr' id='par_1_2' title="bbox 342 765 2603 1604">
     <span class='ocr_line' id='line_1_2' title="bbox 343 765 2593 853; baseline 0 -24"><span class='ocrx_word' id='word_1_2' title='bbox 343 766 511 832; x_wconf 82' lang='lat' dir='ltr'><strong>dinis</strong></span> <span class='ocrx_word' id='word_1_3' title='bbox 576 767 754 847; x_wconf 75' lang='lat' dir='ltr'><strong>ortis,</strong></span> <span class='ocrx_word' id='word_1_4' title='bbox 809 767 978 852; x_wconf 84' lang='lat' dir='ltr'><strong>quod</strong></span> <span class='ocrx_word' id='word_1_5' title='bbox 1020 767 1146 853; x_wconf 81' lang='lat' dir='ltr'><strong>jus,</strong></span> <span class='ocrx_word' id='word_1_6' title='bbox 1197 788 1413 852; x_wconf 82' lang='lat' dir='ltr'><strong>regum</strong></span> <span class='ocrx_word' id='word_1_7' title='bbox 1461 773 1741 852; x_wconf 83' lang='lat' dir='ltr'><strong>tempore</strong></span> <span class='ocrx_word' id='word_1_8' title='bbox 1788 771 2031 846; x_wconf 78' lang='lat' dir='ltr'><strong>natum,</strong></span> <span class='ocrx_word' id='word_1_9' title='bbox 2079 773 2298 852; x_wconf 73' lang='lat' dir='ltr'><strong>postea</strong></span> <span class='ocrx_word' id='word_1_10' title='bbox 2346 765 2593 830; x_wconf 89' lang='lat' dir='ltr'><strong>demum</strong></span> 
     </span>
     <span class='ocr_line' id='line_1_3' title="bbox 343 867 2603 986; baseline 0 -31"><span class='ocrx_word' id='word_1_11' title='bbox 343 893 585 978; x_wconf 83' lang='lat' dir='ltr'><strong>scripto</strong></span> <span class='ocrx_word' id='word_1_12' title='bbox 656 891 1054 982; x_wconf 75' lang='lat' dir='ltr'><strong>mandatum·</strong></span> <span class='ocrx_word' id='word_1_13' title='bbox 1086 892 1205 974; x_wconf 80' lang='lat' dir='ltr'><strong>sit3</strong></span> <span class='ocrx_word' id='word_1_14' title='bbox 1278 867 1574 958; x_wconf 71' lang='lat' dir='ltr'><strong>Peteraen</strong></span> <span class='ocrx_word' id='word_1_15' title='bbox 1601 895 1649 977; x_wconf 85' lang='lat'><strong>¹)</strong></span> <span class='ocrx_word' id='word_1_16' title='bbox 1724 899 1938 986; x_wconf 79' lang='lat' dir='ltr'><strong>contra</strong></span> <span class='ocrx_word' id='word_1_17' title='bbox 2000 899 2065 958; x_wconf 86' lang='lat' dir='ltr'><strong>et</strong></span> <span class='ocrx_word' id='word_1_18' title='bbox 2134 891 2396 957; x_wconf 82' lang='lat' dir='ltr'><strong>Gerlach</strong></span> <span class='ocrx_word' id='word_1_19' title='bbox 2422 895 2469 975; x_wconf 72' lang='grc'><strong>2)</strong></span> <span class='ocrx_word' id='word_1_20' title='bbox 2532 913 2603 956; x_wconf 88' lang='lat' dir='ltr'><strong>ae</strong></span> 
     </span>
     <span class='ocr_line' id='line_1_4' title="bbox 343 987 2601 1106; baseline 0 -25"><span class='ocrx_word' id='word_1_21' title='bbox 343 1016 586 1102; x_wconf 87' lang='lat' dir='ltr'><strong>Zumpt</strong></span> <span class='ocrx_word' id='word_1_22' title='bbox 611 1019 660 1100; x_wconf 76' lang='grc'><strong>8)</strong></span> <span class='ocrx_word' id='word_1_23' title='bbox 705 1024 772 1082; x_wconf 89' lang='lat' dir='ltr'><strong>et</strong></span> <span class='ocrx_word' id='word_1_24' title='bbox 831 1019 1220 1106; x_wconf 76' lang='lat' dir='ltr'><strong>praesertim·</strong></span> <span class='ocrx_word' id='word_1_25' title='bbox 1254 1017 1484 1083; x_wconf 75' lang='lat' dir='ltr'><strong>Merita</strong></span> <span class='ocrx_word' id='word_1_26' title='bbox 1533 1017 1743 1103; x_wconf 73' lang='lat' dir='ltr'><strong>‘voigt</strong></span> <span class='ocrx_word' id='word_1_27' title='bbox 1786 987 1889 1082; x_wconf 81' lang='lat' dir='ltr'><strong>eas</strong></span> <span class='ocrx_word' id='word_1_28' title='bbox 1933 1003 2237 1104; x_wconf 82' lang='lat' dir='ltr'><strong>genuinas</strong></span> <span class='ocrx_word' id='word_1_29' title='bbox 2286 1037 2417 1082; x_wconf 84' lang='lat' dir='ltr'><strong>esse</strong></span> <span class='ocrx_word' id='word_1_30' title='bbox 2462 1025 2601 1082; x_wconf 77' lang='lat' dir='ltr'><strong>oon·</strong></span> 
     </span>
     <span class='ocr_line' id='line_1_5' title="bbox 343 1143 2593 1231; baseline 0.001 -25"><span class='ocrx_word' id='word_1_31' title='bbox 343 1143 722 1221; x_wconf 81' lang='lat' dir='ltr'><strong>tenderunt,</strong></span> <span class='ocrx_word' id='word_1_32' title='bbox 767 1165 1036 1227; x_wconf 85' lang='lat' dir='ltr'><strong>quorum</strong></span> <span class='ocrx_word' id='word_1_33' title='bbox 1086 1144 1186 1208; x_wconf 87' lang='lat' dir='ltr'><strong>hic</strong></span> <span class='ocrx_word' id='word_1_34' title='bbox 1230 1143 1296 1208; x_wconf 89' lang='lat' dir='ltr'><strong>in</strong></span> <span class='ocrx_word' id='word_1_35' title='bbox 1342 1143 1581 1221; x_wconf 87' lang='lat' dir='ltr'><strong>libello,</strong></span> <span class='ocrx_word' id='word_1_36' title='bbox 1631 1151 1877 1229; x_wconf 70' lang='lat' dir='ltr'><strong>recepto</strong></span> <span class='ocrx_word' id='word_1_37' title='bbox 1922 1145 1989 1208; x_wconf 90' lang='lat' dir='ltr'><strong>in</strong></span> <span class='ocrx_word' id='word_1_38' title='bbox 2041 1143 2593 1231; x_wconf 81' lang='lat' dir='ltr'><strong>„Abhandlungen</strong></span> 
     </span>
     <span class='ocr_line' id='line_1_6' title="bbox 342 1267 2598 1355; baseline 0.002 -25"><span class='ocrx_word' id='word_1_39' title='bbox 342 1267 454 1333; x_wconf 87' lang='lat' dir='ltr'><strong>der</strong></span> <span class='ocrx_word' id='word_1_40' title='bbox 471 1267 904 1351; x_wconf 65' lang='lat' dir='ltr'><strong>Konigliehen</strong></span> <span class='ocrx_word' id='word_1_41' title='bbox 920 1268 1316 1346; x_wconf 66' lang='lat' dir='ltr'><strong>sachsischen</strong></span> <span class='ocrx_word' id='word_1_42' title='bbox 1345 1268 1758 1334; x_wconf 78' lang='lat' dir='ltr'><strong>Gesellsehaft</strong></span> <span class='ocrx_word' id='word_1_43' title='bbox 1782 1269 1895 1334; x_wconf 86' lang='lat' dir='ltr'><strong>der</strong></span> <span class='ocrx_word' id='word_1_44' title='bbox 1920 1268 2486 1345; x_wconf 67' lang='lat' dir='ltr'><strong>wissenschaften”</strong></span> <span class='ocrx_word' id='word_1_45' title='bbox 2522 1273 2598 1355; x_wconf 77' lang='lat'><strong>4),</strong></span> 
     </span>
     <span class='ocr_line' id='line_1_7' title="bbox 345 1393 2603 1481; baseline 0.001 -23"><span class='ocrx_word' id='word_1_46' title='bbox 345 1417 418 1458; x_wconf 90' lang='lat' dir='ltr'><strong>ea</strong></span> <span class='ocrx_word' id='word_1_47' title='bbox 464 1393 808 1479; x_wconf 79' lang='lat' dir='ltr'><strong>protulisse</strong></span> <span class='ocrx_word' id='word_1_48' title='bbox 860 1394 1010 1459; x_wconf 88' lang='lat' dir='ltr'><strong>mihi</strong></span> <span class='ocrx_word' id='word_1_49' title='bbox 1063 1396 1309 1460; x_wconf 59' lang='lat' dir='ltr'><strong>videtne</strong></span> <span class='ocrx_word' id='word_1_50' title='bbox 1352 1403 1740 1481; x_wconf 84' lang='lat' dir='ltr'><strong>argumenta,</strong></span> <span class='ocrx_word' id='word_1_51' title='bbox 1794 1418 1955 1480; x_wconf 90' lang='lat' dir='ltr'><strong>quae</strong></span> <span class='ocrx_word' id='word_1_52' title='bbox 2002 1404 2289 1462; x_wconf 78' lang='lat' dir='ltr'><strong>accurata</strong></span> <span class='ocrx_word' id='word_1_53' title='bbox 2333 1397 2603 1462; x_wconf 79' lang='lat' dir='ltr'><strong>conside·</strong></span> 
     </span>
     <span class='ocr_line' id='line_1_8' title="bbox 344 1493 1223 1604; baseline 0.005 -21"><span class='ocrx_word' id='word_1_54' title='bbox 344 1517 602 1586; x_wconf 87' lang='lat' dir='ltr'><strong>ratione</strong></span> <span class='ocrx_word' id='word_1_55' title='bbox 649 1519 1008 1604; x_wconf 82' lang='lat' dir='ltr'><strong>dignissima</strong></span> <span class='ocrx_word' id='word_1_56' title='bbox 1056 1493 1223 1587; x_wconf 77' lang='lat' dir='ltr'><strong>sunt.</strong></span> 
     </span>
    </p>

    <p class='ocr_par' dir='ltr' id='par_1_3' title="bbox 350 1646 2603 2741">
     <span class='ocr_line' id='line_1_9' title="bbox 439 1646 2602 1734; baseline 0.001 -24"><span class='ocrx_word' id='word_1_57' title='bbox 439 1647 571 1712; x_wconf 88' lang='lat' dir='ltr'><strong>Sed</strong></span> <span class='ocrx_word' id='word_1_58' title='bbox 639 1657 964 1731; x_wconf 83' lang='lat' dir='ltr'><strong>uteunque</strong></span> <span class='ocrx_word' id='word_1_59' title='bbox 1026 1669 1122 1713; x_wconf 84' lang='lat' dir='ltr'><strong>res</strong></span> <span class='ocrx_word' id='word_1_60' title='bbox 1177 1648 1328 1712; x_wconf 85' lang='lat' dir='ltr'><strong>haee</strong></span> <span class='ocrx_word' id='word_1_61' title='bbox 1393 1669 1525 1712; x_wconf 80' lang='lat' dir='ltr'><strong>sese</strong></span> <span class='ocrx_word' id='word_1_62' title='bbox 1596 1646 1826 1713; x_wconf 88' lang='lat' dir='ltr'><strong>habet:</strong></span> <span class='ocrx_word' id='word_1_63' title='bbox 1901 1649 2063 1726; x_wconf 87' lang='lat' dir='ltr'><strong>„die</strong></span> <span class='ocrx_word' id='word_1_64' title='bbox 2110 1649 2307 1734; x_wconf 80' lang='lat' dir='ltr'><strong>Frage</strong></span> <span class='ocrx_word' id='word_1_65' title='bbox 2354 1649 2602 1715; x_wconf 79' lang='lat' dir='ltr'><strong>betreffs</strong></span> 
     </span>
     <span class='ocr_line' id='line_1_10' title="bbox 350 1769 2597 1861; baseline 0.002 -25"><span class='ocrx_word' id='word_1_66' title='bbox 350 1771 460 1836; x_wconf 88' lang='lat' dir='ltr'><strong>der</strong></span> <span class='ocrx_word' id='word_1_67' title='bbox 529 1772 746 1838; x_wconf 86' lang='lat' dir='ltr'><strong>Natur</strong></span> <span class='ocrx_word' id='word_1_68' title='bbox 781 1769 933 1838; x_wconf 76' lang='lat' dir='ltr'><strong>&#39;und</strong></span> <span class='ocrx_word' id='word_1_69' title='bbox 999 1774 1408 1838; x_wconf 77' lang='lat' dir='ltr'><strong>historischen</strong></span> <span class='ocrx_word' id='word_1_70' title='bbox 1474 1772 1767 1858; x_wconf 89' lang='lat' dir='ltr'><strong>Stellung</strong></span> <span class='ocrx_word' id='word_1_71' title='bbox 1809 1774 1920 1838; x_wconf 90' lang='lat' dir='ltr'><strong>der</strong></span> <span class='ocrx_word' id='word_1_72' title='bbox 1965 1773 2135 1860; x_wconf 85' lang='lat' dir='ltr'><strong>leges</strong></span> <span class='ocrx_word' id='word_1_73' title='bbox 2182 1775 2385 1861; x_wconf 85' lang='lat' dir='ltr'><strong>regiae</strong></span> <span class='ocrx_word' id='word_1_74' title='bbox 2434 1775 2597 1840; x_wconf 84' lang='lat' dir='ltr'><strong>kann</strong></span> 
     </span>
     <span class='ocr_line' id='line_1_11' title="bbox 350 1896 2602 1985; baseline 0.001 -23"><span class='ocrx_word' id='word_1_75' title='bbox 350 1898 625 1964; x_wconf 84' lang='lat' dir='ltr'><strong>niemals</strong></span> <span class='ocrx_word' id='word_1_76' title='bbox 691 1921 769 1963; x_wconf 89' lang='lat' dir='ltr'><strong>zu</strong></span> <span class='ocrx_word' id='word_1_77' title='bbox 833 1900 1030 1964; x_wconf 83' lang='lat' dir='ltr'><strong>einem</strong></span> <span class='ocrx_word' id='word_1_78' title='bbox 1095 1899 1338 1964; x_wconf 82' lang='lat' dir='ltr'><strong>Zweifel</strong></span> <span class='ocrx_word' id='word_1_79' title='bbox 1400 1921 1478 1964; x_wconf 86' lang='lat' dir='ltr'><strong>an</strong></span> <span class='ocrx_word' id='word_1_80' title='bbox 1544 1899 1733 1964; x_wconf 86' lang='lat' dir='ltr'><strong>deren</strong></span> <span class='ocrx_word' id='word_1_81' title='bbox 1780 1896 2079 1964; x_wconf 80' lang='lat' dir='ltr'><strong>Existenz</strong></span> <span class='ocrx_word' id='word_1_82' title='bbox 2128 1901 2276 1965; x_wconf 87' lang='lat' dir='ltr'><strong>oder</strong></span> <span class='ocrx_word' id='word_1_83' title='bbox 2323 1900 2602 1985; x_wconf 85' lang='lat' dir='ltr'><strong>Geltnng</strong></span> 
     </span>
     <span class='ocr_line' id='line_1_12' title="bbox 351 2018 2601 2110; baseline 0.002 -22"><span class='ocrx_word' id='word_1_84' title='bbox 351 2024 625 2090; x_wconf 79' lang='lat' dir='ltr'><strong>fiihren:</strong></span> <span class='ocrx_word' id='word_1_85' title='bbox 695 2024 859 2090; x_wconf 90' lang='lat' dir='ltr'><strong>denn</strong></span> <span class='ocrx_word' id='word_1_86' title='bbox 927 2025 1028 2091; x_wconf 87' lang='lat' dir='ltr'><strong>die</strong></span> <span class='ocrx_word' id='word_1_87' title='bbox 1100 2025 1570 2110; x_wconf 79' lang='lat' dir='ltr'><strong>vollgiiltigsten</strong></span> <span class='ocrx_word' id='word_1_88' title='bbox 1640 2025 1974 2110; x_wconf 83' lang='lat' dir='ltr'><strong>Zeugnisse</strong></span> <span class='ocrx_word' id='word_1_89' title='bbox 2040 2026 2367 2093; x_wconf 77' lang='lat' dir='ltr'><strong>schliessen</strong></span> <span class='ocrx_word' id='word_1_90' title='bbox 2436 2018 2601 2092; x_wconf 78' lang='lat' dir='ltr'><strong>allen</strong></span> 
     </span>
     <span class='ocr_line' id='line_1_13' title="bbox 353 2119 2601 2238; baseline 0.002 -25"><span class='ocrx_word' id='word_1_91' title='bbox 353 2149 609 2215; x_wconf 77' lang='lat' dir='ltr'><strong>Zweifel</strong></span> <span class='ocrx_word' id='word_1_92' title='bbox 674 2151 942 2216; x_wconf 78' lang='lat' dir='ltr'><strong>dat-iiber</strong></span> <span class='ocrx_word' id='word_1_93' title='bbox 1003 2174 1136 2231; x_wconf 77' lang='lat' dir='ltr'><strong>aua,</strong></span> <span class='ocrx_word' id='word_1_94' title='bbox 1179 2152 1320 2216; x_wconf 82' lang='lat' dir='ltr'><strong>dass</strong></span> <span class='ocrx_word' id='word_1_95' title='bbox 1364 2119 1801 2238; x_wconf 77' lang='lat' dir='ltr'><strong>gesehriebene</strong></span> <span class='ocrx_word' id='word_1_96' title='bbox 1850 2153 2205 2238; x_wconf 83' lang='lat' dir='ltr'><strong>Satzungeu</strong></span> <span class='ocrx_word' id='word_1_97' title='bbox 2252 2153 2601 2234; x_wconf 76' lang='lat' dir='ltr'><strong>existirten,</strong></span> 
     </span>
     <span class='ocr_line' id='line_1_14' title="bbox 355 2274 2601 2363; baseline 0.002 -25"><span class='ocrx_word' id='word_1_98' title='bbox 355 2274 616 2351; x_wconf 78' lang='lat' dir='ltr'><strong>welche,</strong></span> <span class='ocrx_word' id='word_1_99' title='bbox 665 2277 732 2340; x_wconf 89' lang='lat' dir='ltr'><strong>in</strong></span> <span class='ocrx_word' id='word_1_100' title='bbox 779 2274 880 2340; x_wconf 92' lang='lat' dir='ltr'><strong>die</strong></span> <span class='ocrx_word' id='word_1_101' title='bbox 930 2275 1448 2341; x_wconf 75' lang='lat' dir='ltr'><strong>Ausdruoksform</strong></span> <span class='ocrx_word' id='word_1_102' title='bbox 1497 2299 1614 2341; x_wconf 88' lang='lat' dir='ltr'><strong>von</strong></span> <span class='ocrx_word' id='word_1_103' title='bbox 1653 2275 1855 2362; x_wconf 79' lang='lat' dir='ltr'><strong>Leges</strong></span> <span class='ocrx_word' id='word_1_104' title='bbox 1894 2277 2233 2363; x_wconf 86' lang='lat' dir='ltr'><strong>gekleidet,</strong></span> <span class='ocrx_word' id='word_1_105' title='bbox 2268 2277 2359 2342; x_wconf 85' lang='lat' dir='ltr'><strong>als</strong></span> <span class='ocrx_word' id='word_1_106' title='bbox 2398 2278 2601 2362; x_wconf 81' lang='lat' dir='ltr'><strong>regiae</strong></span> 
     </span>
     <span class='ocr_line' id='line_1_15' title="bbox 355 2400 2603 2488; baseline 0 -23"><span class='ocrx_word' id='word_1_107' title='bbox 355 2400 530 2487; x_wconf 83' lang='lat' dir='ltr'><strong>leges</strong></span> <span class='ocrx_word' id='word_1_108' title='bbox 577 2401 927 2466; x_wconf 81' lang='lat' dir='ltr'><strong>anerkannt</strong></span> <span class='ocrx_word' id='word_1_109' title='bbox 974 2401 1084 2465; x_wconf 85' lang='lat' dir='ltr'><strong>wie</strong></span> <span class='ocrx_word' id='word_1_110' title='bbox 1128 2401 1532 2486; x_wconf 84' lang='lat' dir='ltr'><strong>angewendet</strong></span> <span class='ocrx_word' id='word_1_111' title='bbox 1577 2403 1871 2468; x_wconf 86' lang='lat' dir='ltr'><strong>wurden”</strong></span> <span class='ocrx_word' id='word_1_112' title='bbox 1901 2404 1969 2487; x_wconf 70' lang='grc' dir='ltr'><strong>ὅ).</strong></span> <span class='ocrx_word' id='word_1_113' title='bbox 2020 2401 2181 2467; x_wconf 88' lang='lat' dir='ltr'><strong>Sunt</strong></span> <span class='ocrx_word' id='word_1_114' title='bbox 2222 2425 2401 2488; x_wconf 85' lang='lat' dir='ltr'><strong>porro</strong></span> <span class='ocrx_word' id='word_1_115' title='bbox 2439 2403 2603 2466; x_wconf 86' lang='lat' dir='ltr'><strong>inter</strong></span> 
     </span>
     <span class='ocr_line' id='line_1_16' title="bbox 356 2527 2603 2613; baseline -0 -22"><span class='ocrx_word' id='word_1_116' title='bbox 356 2527 742 2613; x_wconf 82' lang='lat' dir='ltr'><strong>praescripta</strong></span> <span class='ocrx_word' id='word_1_117' title='bbox 811 2527 940 2604; x_wconf 86' lang='lat' dir='ltr'><strong>illa,</strong></span> <span class='ocrx_word' id='word_1_118' title='bbox 979 2549 1165 2611; x_wconf 79' lang='lat' dir='ltr'><strong>quae</strong></span> <span class='ocrx_word' id='word_1_119' title='bbox 1235 2527 1507 2592; x_wconf 81' lang='lat' dir='ltr'><strong>attinent</strong></span> <span class='ocrx_word' id='word_1_120' title='bbox 1573 2527 1647 2592; x_wconf 85' lang='lat' dir='ltr'><strong>ad</strong></span> <span class='ocrx_word' id='word_1_121' title='bbox 1716 2533 2001 2607; x_wconf 82' lang='lat' dir='ltr'><strong>aetatem,</strong></span> <span class='ocrx_word' id='word_1_122' title='bbox 2062 2549 2219 2611; x_wconf 86' lang='lat' dir='ltr'><strong>quae</strong></span> <span class='ocrx_word' id='word_1_123' title='bbox 2283 2527 2603 2613; x_wconf 85' lang='lat' dir='ltr'><strong>praecedit</strong></span> 
     </span>
     <span class='ocr_line' id='line_1_17' title="bbox 356 2642 1857 2741; baseline 0 -22"><span class='ocrx_word' id='word_1_124' title='bbox 356 2642 628 2741; x_wconf 87' lang='lat' dir='ltr'><strong>tempori</strong></span> <span class='ocrx_word' id='word_1_125' title='bbox 674 2654 791 2732; x_wconf 90' lang='lat' dir='ltr'><strong>illi,</strong></span> <span class='ocrx_word' id='word_1_126' title='bbox 838 2677 965 2739; x_wconf 84' lang='lat' dir='ltr'><strong>quo</strong></span> <span class='ocrx_word' id='word_1_127' title='bbox 996 2656 1146 2719; x_wconf 90' lang='lat' dir='ltr'>-XII</span> <span class='ocrx_word' id='word_1_128' title='bbox 1193 2663 1342 2734; x_wconf 78' lang='lat' dir='ltr'><strong>sunt</strong></span> <span class='ocrx_word' id='word_1_129' title='bbox 1388 2654 1759 2740; x_wconf 84' lang='lat' dir='ltr'><strong>compositae</strong></span> <span class='ocrx_word' id='word_1_130' title='bbox 1784 2652 1857 2737; x_wconf 82' lang='lat'><strong>⁸).</strong></span> 
     </span>
    </p>

    <p class='ocr_par' dir='ltr' id='par_1_4' title="bbox 355 2778 2629 3497">
     <span class='ocr_line' id='line_1_18' title="bbox 448 2778 2601 2861; baseline 0 -16"><span class='ocrx_word' id='word_1_131' title='bbox 448 2780 630 2845; x_wconf 83' lang='lat' dir='ltr'><strong>Haec</strong></span> <span class='ocrx_word' id='word_1_132' title='bbox 697 2778 848 2845; x_wconf 90' lang='lat' dir='ltr'><strong>mihi</strong></span> <span class='ocrx_word' id='word_1_133' title='bbox 907 2780 1440 2846; x_wconf 85' lang='lat' dir='ltr'><strong>commemoranda</strong></span> <span class='ocrx_word' id='word_1_134' title='bbox 1507 2779 1878 2845; x_wconf 82' lang='lat' dir='ltr'><strong>videbantur</strong></span> <span class='ocrx_word' id='word_1_135' title='bbox 1926 2790 1999 2847; x_wconf 88' lang='lat' dir='ltr'><strong>ut</strong></span> <span class='ocrx_word' id='word_1_136' title='bbox 2044 2781 2453 2861; x_wconf 77' lang='lat' dir='ltr'><strong>ostenderem,</strong></span> <span class='ocrx_word' id='word_1_137' title='bbox 2504 2804 2601 2846; x_wconf 90' lang='lat' dir='ltr'><strong>me</strong></span> 
     </span>
     <span class='ocr_line' id='line_1_19' title="bbox 359 2896 2600 2992; baseline 0.001 -22"><span class='ocrx_word' id='word_1_138' title='bbox 359 2906 688 2972; x_wconf 76' lang='lat' dir='ltr'><strong>brevitatis</strong></span> <span class='ocrx_word' id='word_1_139' title='bbox 754 2896 998 2972; x_wconf 85' lang='lat' dir='ltr'><strong>tantum</strong></span> <span class='ocrx_word' id='word_1_140' title='bbox 1067 2930 1252 2971; x_wconf 82' lang='lat' dir='ltr'><strong>causa</strong></span> <span class='ocrx_word' id='word_1_141' title='bbox 1312 2907 1500 2992; x_wconf 75' lang='lat' dir='ltr'><strong>legeS,</strong></span> <span class='ocrx_word' id='word_1_142' title='bbox 1566 2928 1722 2992; x_wconf 85' lang='lat' dir='ltr'><strong>quas</strong></span> <span class='ocrx_word' id='word_1_143' title='bbox 1782 2908 1851 2971; x_wconf 89' lang='lat' dir='ltr'><strong>in</strong></span> <span class='ocrx_word' id='word_1_144' title='bbox 1912 2908 2300 2991; x_wconf 76' lang='lat' dir='ltr'><strong>questionem</strong></span> <span class='ocrx_word' id='word_1_145' title='bbox 2371 2909 2600 2988; x_wconf 81' lang='lat' dir='ltr'><strong>vocavi,</strong></span> 
     </span>
     <span class='ocr_line' id='line_1_20' title="bbox 361 3018 2602 3119; baseline 0 -22"><span class='ocrx_word' id='word_1_146' title='bbox 361 3055 512 3097; x_wconf 84' lang='lat' dir='ltr'><strong>eum</strong></span> <span class='ocrx_word' id='word_1_147' title='bbox 561 3018 828 3119; x_wconf 72' lang='lat' dir='ltr'><strong>reg-ibae,</strong></span> <span class='ocrx_word' id='word_1_148' title='bbox 875 3032 992 3097; x_wconf 84' lang='lat' dir='ltr'><strong>sub</strong></span> <span class='ocrx_word' id='word_1_149' title='bbox 1029 3054 1294 3117; x_wconf 88' lang='lat' dir='ltr'><strong>qnorum</strong></span> <span class='ocrx_word' id='word_1_150' title='bbox 1327 3033 1576 3097; x_wconf 82' lang='lat' dir='ltr'><strong>nomine</strong></span> <span class='ocrx_word' id='word_1_151' title='bbox 1599 3032 2146 3114; x_wconf 81' lang='lat' dir='ltr'><strong>circumferuntur,</strong></span> <span class='ocrx_word' id='word_1_152' title='bbox 2172 3032 2565 3118; x_wconf 82' lang='lat' dir='ltr'><strong>conjunxisse</strong></span> <span class='ocrx_word' id='word_1_153' title='bbox 2581 3060 2602 3112; x_wconf 67' lang='lat'><strong>3⁴</strong></span> 
     </span>
     <span class='ocr_line' id='line_1_21' title="bbox 361 3157 2600 3244; baseline 0 -22"><span class='ocrx_word' id='word_1_154' title='bbox 361 3166 664 3236; x_wconf 88' lang='lat' dir='ltr'><strong>ceterum,</strong></span> <span class='ocrx_word' id='word_1_155' title='bbox 713 3158 953 3225; x_wconf 79' lang='lat' dir='ltr'><strong>etiamsi</strong></span> <span class='ocrx_word' id='word_1_156' title='bbox 1001 3181 1174 3244; x_wconf 80' lang='lat' dir='ltr'><strong>reges</strong></span> <span class='ocrx_word' id='word_1_157' title='bbox 1215 3158 1312 3223; x_wconf 88' lang='lat' dir='ltr'><strong>illi</strong></span> <span class='ocrx_word' id='word_1_158' title='bbox 1350 3158 1428 3223; x_wconf 90' lang='lat' dir='ltr'><strong>ad</strong></span> <span class='ocrx_word' id='word_1_159' title='bbox 1451 3157 1794 3224; x_wconf 81' lang='lat' dir='ltr'><strong>fabulosam</strong></span> <span class='ocrx_word' id='word_1_160' title='bbox 1825 3164 2198 3223; x_wconf 73' lang='lat' dir='ltr'><strong>vetustatem</strong></span> <span class='ocrx_word' id='word_1_161' title='bbox 2225 3158 2600 3243; x_wconf 84' lang='lat' dir='ltr'><strong>pertineant,</strong></span> 
     </span>
     <span class='ocr_line' id='line_1_22' title="bbox 361 3284 2629 3369; baseline 0 -20"><span class='ocrx_word' id='word_1_162' title='bbox 361 3290 576 3363; x_wconf 76' lang='lat' dir='ltr'><strong>tamen</strong></span> <span class='ocrx_word' id='word_1_163' title='bbox 637 3284 797 3348; x_wconf 88' lang='lat' dir='ltr'><strong>nihil</strong></span> <span class='ocrx_word' id='word_1_164' title='bbox 843 3284 1047 3349; x_wconf 77' lang='lat' dir='ltr'><strong>obstat</strong></span> <span class='ocrx_word' id='word_1_165' title='bbox 1092 3286 1426 3369; x_wconf 74' lang='lat' dir='ltr'><strong>qfiominus</strong></span> <span class='ocrx_word' id='word_1_166' title='bbox 1469 3286 1559 3349; x_wconf 87' lang='lat' dir='ltr'><strong>ita</strong></span> <span class='ocrx_word' id='word_1_167' title='bbox 1605 3284 1923 3363; x_wconf 79' lang='lat' dir='ltr'><strong>faciamus,</strong></span> <span class='ocrx_word' id='word_1_168' title='bbox 1971 3284 2139 3348; x_wconf 57' lang='lat' dir='ltr'><strong>dum*</strong></span> <span class='ocrx_word' id='word_1_169' title='bbox 2172 3285 2353 3349; x_wconf 91' lang='lat' dir='ltr'><strong>modo</strong></span> <span class='ocrx_word' id='word_1_170' title='bbox 2398 3306 2478 3349; x_wconf 91' lang='lat' dir='ltr'><strong>ne</strong></span> <span class='ocrx_word' id='word_1_171' title='bbox 2526 3284 2629 3351; x_wconf 90' lang='lat' dir='ltr'><strong>de.</strong></span> 
     </span>
     <span class='ocr_line' id='line_1_23' title="bbox 355 3402 2603 3497; baseline -0 -22"><span class='ocrx_word' id='word_1_172' title='bbox 355 3410 496 3497; x_wconf 82' lang='lat' dir='ltr'><strong>ipsa</strong></span> <span class='ocrx_word' id='word_1_173' title='bbox 561 3433 776 3495; x_wconf 84' lang='lat' dir='ltr'><strong>regum</strong></span> <span class='ocrx_word' id='word_1_174' title='bbox 841 3402 1262 3477; x_wconf 79' lang='lat' dir='ltr'><strong>dominatione</strong></span> <span class='ocrx_word' id='word_1_175' title='bbox 1321 3410 1705 3491; x_wconf 73' lang='lat' dir='ltr'><strong>dubitemne,</strong></span> <span class='ocrx_word' id='word_1_176' title='bbox 1762 3408 1993 3488; x_wconf 90' lang='lat' dir='ltr'><strong>„denn</strong></span> <span class='ocrx_word' id='word_1_177' title='bbox 2041 3410 2244 3475; x_wconf 80' lang='lat' dir='ltr'><strong>Minos</strong></span> <span class='ocrx_word' id='word_1_178' title='bbox 2289 3411 2401 3474; x_wconf 82' lang='lat' dir='ltr'><strong>wie</strong></span> <span class='ocrx_word' id='word_1_179' title='bbox 2447 3409 2603 3474; x_wconf 83' lang='lat' dir='ltr'><strong>The·</strong></span> 
     </span>
    </p>
   </div>
   <div class='ocr_carea' id='block_1_3' title="bbox 361 3514 2600 3623">
    <p class='ocr_par' dir='ltr' id='par_1_5' title="bbox 361 3514 2600 3623">
     <span class='ocr_line' id='line_1_24' title="bbox 361 3514 2600 3623; baseline -0.001 -20"><span class='ocrx_word' id='word_1_180' title='bbox 361 3561 506 3604; x_wconf 83' lang='lat' dir='ltr'><strong>seus</strong></span> <span class='ocrx_word' id='word_1_181' title='bbox 570 3536 726 3602; x_wconf 79' lang='lat' dir='ltr'><strong>sind.</strong></span> <span class='ocrx_word' id='word_1_182' title='bbox 766 3538 831 3601; x_wconf 89' lang='lat' dir='ltr'><strong>in</strong></span> <span class='ocrx_word' id='word_1_183' title='bbox 897 3536 1006 3602; x_wconf 87' lang='lat' dir='ltr'><strong>der</strong></span> <span class='ocrx_word' id='word_1_184' title='bbox 1065 3536 1228 3612; x_wconf 83' lang='lat' dir='ltr'><strong>That</strong></span> <span class='ocrx_word' id='word_1_185' title='bbox 1274 3536 1613 3623; x_wconf 80' lang='lat' dir='ltr'><strong>mythische</strong></span> <span class='ocrx_word' id='word_1_186' title='bbox 1663 3514 1997 3616; x_wconf 76' lang='lat' dir='ltr'><strong>Pei-senen,</strong></span> <span class='ocrx_word' id='word_1_187' title='bbox 2048 3536 2176 3602; x_wconf 89' lang='lat' dir='ltr'><strong>und</strong></span> <span class='ocrx_word' id='word_1_188' title='bbox 2225 3536 2600 3621; x_wconf 84' lang='lat' dir='ltr'><strong>gleichwohl</strong></span> 
     </span>
    </p>
   </div>
   <div class='ocr_carea' id='block_1_4' title="bbox 366 3733 662 3743">
    <p class='ocr_par' dir='ltr' id='par_1_6' title="bbox 366 3733 662 3743">
     <span class='ocr_line' id='line_1_25' title="bbox 366 3733 662 3743; baseline 0 1507"><span class='ocrx_word' id='word_1_189' title='bbox 366 3733 662 3743; x_wconf 95' lang='lat' dir='ltr'><strong> </strong></span> 
     </span>
    </p>
   </div>
   <div class='ocr_carea' id='block_1_5' title="bbox 366 3860 2597 4390">
    <p class='ocr_par' dir='ltr' id='par_1_7' title="bbox 427 3860 1524 3926">
     <span class='ocr_line' id='line_1_26' title="bbox 427 3860 1524 3926; baseline -0.002 -14"><span class='ocrx_word' id='word_1_190' title='bbox 427 3862 482 3924; x_wconf 91' lang='lat'><strong>1)</strong></span> <span class='ocrx_word' id='word_1_191' title='bbox 521 3862 591 3910; x_wconf 88' lang='lat' dir='ltr'><strong>De</strong></span> <span class='ocrx_word' id='word_1_192' title='bbox 626 3860 763 3925; x_wconf 78' lang='lat' dir='ltr'><strong>Orig.</strong></span> <span class='ocrx_word' id='word_1_193' title='bbox 798 3860 915 3911; x_wconf 77' lang='lat' dir='ltr'><strong>hist.</strong></span> <span class='ocrx_word' id='word_1_194' title='bbox 953 3861 1094 3911; x_wconf 86' lang='lat' dir='ltr'><strong>Rom.</strong></span> <span class='ocrx_word' id='word_1_195' title='bbox 1130 3876 1240 3926; x_wconf 82' lang='lat' dir='ltr'><strong>pag.</strong></span> <span class='ocrx_word' id='word_1_196' title='bbox 1290 3862 1347 3910; x_wconf 88' lang='lat'><strong>11</strong></span> <span class='ocrx_word' id='word_1_197' title='bbox 1392 3875 1524 3925; x_wconf 72' lang='lat' dir='ltr'><strong>seqq.</strong></span> 
     </span>
    </p>

    <p class='ocr_par' dir='ltr' id='par_1_8' title="bbox 366 3947 2597 4111">
     <span class='ocr_line' id='line_1_27' title="bbox 428 3947 2597 4027; baseline -0.003 -23"><span class='ocrx_word' id='word_1_198' title='bbox 428 3955 486 4018; x_wconf 80' lang='lat'><strong>2)</strong></span> <span class='ocrx_word' id='word_1_199' title='bbox 523 3952 1033 4027; x_wconf 63' lang='lat' dir='ltr'><strong>Gesehiehtaehreiber</strong></span> <span class='ocrx_word' id='word_1_200' title='bbox 1081 3952 1165 4002; x_wconf 85' lang='lat' dir='ltr'><strong>der</strong></span> <span class='ocrx_word' id='word_1_201' title='bbox 1213 3950 1394 4002; x_wconf 67' lang='lat' dir='ltr'><strong>Romer</strong></span> <span class='ocrx_word' id='word_1_202' title='bbox 1439 3967 1544 4017; x_wconf 81' lang='lat' dir='ltr'><strong>pag.</strong></span> <span class='ocrx_word' id='word_1_203' title='bbox 1589 3952 1650 4002; x_wconf 89' lang='grc'><strong>10</strong></span> <span class='ocrx_word' id='word_1_204' title='bbox 1698 3966 1826 4015; x_wconf 80' lang='lat' dir='ltr'><strong>seqq.</strong></span> <span class='ocrx_word' id='word_1_205' title='bbox 1882 3949 1986 4014; x_wconf 83' lang='lat' dir='ltr'><strong>(Cf.</strong></span> <span class='ocrx_word' id='word_1_206' title='bbox 2041 3948 2353 3999; x_wconf 73' lang='lat' dir='ltr'><strong>Historiaohe</strong></span> <span class='ocrx_word' id='word_1_207' title='bbox 2390 3947 2597 3999; x_wconf 66' lang='lat' dir='ltr'><strong>Studien</strong></span> 
     </span>
     <span class='ocr_line' id='line_1_28' title="bbox 366 4044 1086 4111; baseline -0.006 -14"><span class='ocrx_word' id='word_1_208' title='bbox 366 4048 448 4097; x_wconf 85' lang='lat'><strong>111</strong></span> <span class='ocrx_word' id='word_1_209' title='bbox 487 4048 582 4096; x_wconf 80' lang='lat'><strong>164</strong></span> <span class='ocrx_word' id='word_1_210' title='bbox 616 4061 742 4111; x_wconf 75' lang='lat' dir='ltr'><strong>seqq.</strong></span> <span class='ocrx_word' id='word_1_211' title='bbox 779 4044 875 4096; x_wconf 77' lang='lat'><strong>247</strong></span> <span class='ocrx_word' id='word_1_212' title='bbox 914 4046 1086 4109; x_wconf 54' lang='grc' dir='ltr'>καφ).</span> 
     </span>
    </p>

    <p class='ocr_par' dir='ltr' id='par_1_9' title="bbox 433 4137 1418 4202">
     <span class='ocr_line' id='line_1_29' title="bbox 433 4137 1418 4202; baseline -0.001 -14"><span class='ocrx_word' id='word_1_213' title='bbox 433 4141 483 4202; x_wconf 84' lang='grc'><strong>3)</strong></span> <span class='ocrx_word' id='word_1_214' title='bbox 517 4137 669 4189; x_wconf 84' lang='lat' dir='ltr'><strong>Crim.</strong></span> <span class='ocrx_word' id='word_1_215' title='bbox 705 4138 862 4187; x_wconf 85' lang='lat' dir='ltr'><strong>Reeht</strong></span> <span class='ocrx_word' id='word_1_216' title='bbox 895 4138 921 4186; x_wconf 95' lang='lat' dir='ltr'>I</span> <span class='ocrx_word' id='word_1_217' title='bbox 962 4137 1004 4187; x_wconf 90' lang='lat'><strong>1.</strong></span> <span class='ocrx_word' id='word_1_218' title='bbox 1041 4152 1151 4201; x_wconf 81' lang='lat' dir='ltr'><strong>pag.</strong></span> <span class='ocrx_word' id='word_1_219' title='bbox 1187 4137 1252 4185; x_wconf 76' lang='lat'><strong>26</strong></span> <span class='ocrx_word' id='word_1_220' title='bbox 1288 4151 1418 4200; x_wconf 79' lang='lat' dir='ltr'><strong>seqq.</strong></span> 
     </span>
    </p>

    <p class='ocr_par' dir='ltr' id='par_1_10' title="bbox 437 4227 1741 4298">
     <span class='ocr_line' id='line_1_30' title="bbox 437 4227 1741 4298; baseline -0.005 -17"><span class='ocrx_word' id='word_1_221' title='bbox 437 4232 496 4294; x_wconf 85' lang='lat'><strong>4)</strong></span> <span class='ocrx_word' id='word_1_222' title='bbox 532 4230 717 4298; x_wconf 67' lang='lat' dir='ltr'><strong>Rhilol.</strong></span> <span class='ocrx_word' id='word_1_223' title='bbox 751 4230 938 4280; x_wconf 79' lang='lat' dir='ltr'><strong>Histor.</strong></span> <span class='ocrx_word' id='word_1_224' title='bbox 975 4227 1140 4277; x_wconf 78' lang='lat' dir='ltr'><strong>Classe</strong></span> <span class='ocrx_word' id='word_1_225' title='bbox 1175 4228 1268 4277; x_wconf 87' lang='lat' dir='ltr'><strong>V11</strong></span> <span class='ocrx_word' id='word_1_226' title='bbox 1304 4244 1413 4293; x_wconf 82' lang='lat' dir='ltr'><strong>pag.</strong></span> <span class='ocrx_word' id='word_1_227' title='bbox 1457 4227 1741 4277; x_wconf 82' lang='lat'><strong>805—822.</strong></span> 
     </span>
    </p>

    <p class='ocr_par' dir='ltr' id='par_1_11' title="bbox 432 4310 2287 4390">
     <span class='ocr_line' id='line_1_31' title="bbox 432 4310 2287 4390; baseline -0.003 -17"><span class='ocrx_word' id='word_1_228' title='bbox 432 4324 484 4390; x_wconf 81' lang='lat'><strong>5)</strong></span> <span class='ocrx_word' id='word_1_229' title='bbox 522 4323 672 4387; x_wconf 78' lang='lat' dir='ltr'><strong>voigt</strong></span> <span class='ocrx_word' id='word_1_230' title='bbox 704 4310 742 4373; x_wconf 79' lang='lat'><strong>1.&#39;</strong></span> <span class='ocrx_word' id='word_1_231' title='bbox 775 4322 811 4372; x_wconf 88' lang='lat'><strong>1.</strong></span> <span class='ocrx_word' id='word_1_232' title='bbox 845 4337 954 4387; x_wconf 74' lang='lat' dir='ltr'><strong>pag.</strong></span> <span class='ocrx_word' id='word_1_233' title='bbox 989 4321 1104 4371; x_wconf 79' lang='lat' dir='ltr'><strong>soe.</strong></span> <span class='ocrx_word' id='word_1_234' title='bbox 1505 4320 1555 4384; x_wconf 78' lang='lat' dir='ltr'><strong>o)</strong></span> <span class='ocrx_word' id='word_1_235' title='bbox 1588 4317 1663 4368; x_wconf 84' lang='lat' dir='ltr'><strong>of.</strong></span> <span class='ocrx_word' id='word_1_236' title='bbox 1706 4318 1848 4383; x_wconf 82' lang='lat' dir='ltr'><strong>Voigt</strong></span> <span class='ocrx_word' id='word_1_237' title='bbox 1882 4317 1920 4367; x_wconf 88' lang='lat'><strong>1.</strong></span> <span class='ocrx_word' id='word_1_238' title='bbox 1953 4318 1989 4369; x_wconf 92' lang='lat'><strong>1.</strong></span> <span class='ocrx_word' id='word_1_239' title='bbox 2025 4334 2131 4383; x_wconf 69' lang='lat' dir='ltr'><strong>pag.</strong></span> <span class='ocrx_word' id='word_1_240' title='bbox 2170 4318 2287 4367; x_wconf 84' lang='lat'>811.</span> 
     </span>
    </p>
   </div>
  </div>
 </body>
</html>
