3350 5250
1848 595 1929 658 52

761 811 858 870 tra
917 807 1120 891 capita
1179 805 1242 869 in
1307 804 1444 890 lege
1504 804 1749 868 Licinia
1794 801 2114 868 referenda
2158 801 2426 881 addidit,
2484 802 2721 888 quippe
2770 799 3007 885 quibus

763 931 820 995 ei
867 932 946 996 ad
992 930 1372 996 Laevianum
1411 931 1620 994 locum
1660 929 2147 1015 intelligendum
2186 952 2343 1014 opus
2381 936 2559 993 esset.
2587 927 3009 1006 Postremum,

761 1057 952 1141 idque
1011 1057 1197 1140 longe
1258 1056 1687 1140 gravissimum
1753 1063 1848 1120 est
1892 1062 2355 1138 argumentum,
2404 1053 2556 1137 quid
2606 1075 2826 1117 causae
2873 1074 3013 1116 esse

763 1184 1058 1262 dicamus,
1099 1205 1212 1247 cur
1251 1188 1478 1261 noster,
1519 1151 1569 1246 si
1612 1205 1676 1246 re
1717 1205 1858 1246 vera
1898 1181 1975 1246 ab
2017 1181 2198 1246 initio
2233 1181 2293 1244 id
2322 1182 2376 1245 ei
2403 1181 2735 1245 consilium
2761 1181 3011 1260 fuisset,

765 1316 840 1373 ut
885 1311 1304 1395 sumptuarias
1350 1307 1518 1392 leges
1565 1314 1930 1385 recenseret,
1968 1307 2242 1387 Didiam,
2283 1328 2444 1390 quae
2491 1306 2694 1371 media
2720 1311 2815 1370 est
2838 1306 3013 1370 inter

763 1431 1060 1496 Fanniam
1110 1439 1175 1497 et
1222 1431 1545 1511 Liciniam,
1597 1432 1849 1496 silentio
1896 1429 2307 1517 praeteriret?

843 1557 1146 1643 Superest
1218 1564 1291 1621 nt
1358 1559 1771 1622 demonstrem
1846 1557 1993 1621 huic
2062 1556 2342 1643 opinioni
2410 1578 2537 1620 non
2608 1555 2809 1619 solum
2872 1577 3010 1620 non

761 1704 1129 1768 repugnare,
1178 1683 1284 1748 sed
1331 1689 1476 1769 apte
1523 1683 1710 1747 etiam
1759 1682 2104 1759 convenire,
2153 1681 2322 1766 q‘uod
2362 1703 2596 1760 earum,
2638 1679 3011 1765 quac'Lici·

762 1808 950 1878 niam,
973 1815 1222 1872 secutae
1271 1814 1440 1886 sunt,
1493 1807 1703 1892 legum
1754 1808 1987 1872 mentio
2033 1808 2197 1871 facta
2246 1814 2358 1871 est.
2410 1807 2663 1871 Etenim
2702 1828 2895 1891 quum
2938 1813 3013 1870 et

761 1939 973 1998 nostro
1045 1933 1181 1997 loco
1247 1939 1312 1996 et
1373 1932 1520 1996 XX.
1588 1935 1646 1996 2.
1701 1933 1870 2018 Ateji
1918 1954 2072 2017 opus
2118 1901 2392 2017 generali
2439 1930 3006 2016 Conjectaneorum

761 2057 1010 2121 nomine
1038 2057 1452 2142 *designatum
1501 2057 1605 2137 sit,
1653 2057 1767 2122 IV.
1821 2061 1903 2121 14
1953 2081 2093 2122 vero
2142 2064 2206 2121 et
2251 2055 2430 2122 XIV.
2480 2059 2512 2120 7
2555 2064 2618 2123 et
2660 2062 2697 2121 8
2730 2057 3003 2120 duorum

759 2161 1060 2247 librorum
1109 2165 1409 2248 numerus
1454 2184 1833 2264 inveniatur,
1878 2184 2023 2268 jure
2070 2153 2331 2269 conjecit
2377 2181 2572 2247 Hertz
2598 2184 2671 2268 1),
2720 2181 2811 2246 bis
2856 2180 3013 2244 Gel-

758 2306 915 2371 lium
987 2306 1402 2392 Gonjectanea
1469 2308 1580 2374 illa
1647 2331 1795 2395 prae
1860 2307 2143 2373 manibus
2208 2306 2530 2388 habuisse3
2577 2308 2742 2373 locos
2785 2315 3005 2372 autem

758 2431 894 2496 sine
938 2440 1108 2497 certo
1153 2455 1555 2499 numerorum
1603 2434 1835 2500 indicio
1882 2434 2168 2499 laudatos
2206 2457 2277 2498 ex
2316 2431 2728 2498 veterioribus
2752 2454 3005 2518 excerp,-

665 2621 672 2629 ,
759 2557 841 2621 tis
887 2579 1028 2621 eum
1069 2559 1420 2646 sumpsisse,
1449 2560 1721 2645 reliquos
1747 2581 1889 2624 vero
1913 2565 2123 2646 postea
2146 2558 2401 2623 demum
2425 2565 2771 2638 annotasse,
2792 2579 3003 2644 ‘quum

757 2684 983 2749 iterum
1032 2686 1234 2770 operis
1277 2686 1452 2751 illius
1499 2686 1872 2772 inspiciendi
1919 2686 2155 2752 occasio
2201 2686 2258 2750 ei
2305 2684 2516 2750 oblata
2560 2691 2743 2749 esset.

848 2808 1025 2889 Quae
1064 2834 1257 2895 quum
1298 2813 1388 2877 ita
1427 2814 1571 2894 sint,
1599 2852 1685 2863 —-
1724 2820 1787 2877 et
1810 2835 1991 2877 nemo
2016 2811 2224 2876 adhuc
2250 2819 2535 2897 repertus
2559 2817 2670 2889 est,
2698 2810 2808 2894 qui
2835 2810 2997 2873 hanc

759 2936 1176 3021 conjecturam
1242 2936 1376 3001 ullo
1421 2937 1646 3004 idoneo
1697 2961 1843 3003 usus
1889 2943 2257 3023 argumento
2305 2937 2371 3001 in
2420 2936 2683 3001 dubium
2734 2932 3004 3031 vocaret,

757 3060 990 3125 nedum
1051 3053 1468 3142 labefactaret,
1531 3100 1619 3111 -
1680 3062 1757 3127 de
1818 3069 2029 3128 nostro
2090 3064 2226 3127 loco
2285 3063 2372 3126 sic
2418 3062 2820 3126 statuendum
2870 3084 3002 3125 esse

758 3193 933 3272 put0,
981 3186 1278 3273 Gellium,
1327 3210 1522 3272 quum
1572 3190 1801 3254 iterum
1851 3188 2264 3274 Gonjectanea
2309 3188 2645 3267 evolveret,
2673 3187 2749 3251 ad
2790 3209 3003 3272 sump-

739 3312 992 3376 tuarias
1037 3312 1206 3397 leges
1254 3314 1459 3378 denuo
1504 3315 1781 3379 animum
1824 3314 2182 3394 attendisse,
2231 3323 2306 3380 ut
2354 3314 2735 3398 reliquarum
2782 3313 2997 3397 legum

757 3437 1172 3501 recensionem
1243 3438 1556 3524 prioribus
1619 3439 2156 3504 adnotatiunculis
2216 3440 2612 3525 adjungeret.
2660 3441 2799 3504 Hoc
2850 3462 2997 3503 eum

757 3562 939 3625 modo
1010 3569 1320 3629 versatum
1391 3586 1540 3643 esse,
1601 3571 1731 3628 tam
1793 3563 2082 3649 gravibus
2146 3564 2391 3629 indiciis
2454 3554 2721 3643 constat,
2770 3570 2843 3628 ut
2900 3586 2997 3627 me

675 3721 683 3731 κ
755 3686 1008 3769 quidem
1064 3687 1275 3771 judice
1321 3688 1482 3752 nihil
1531 3690 1735 3754 verius
1782 3713 1912 3754 esse
1959 3689 2265 3757 videatur.
2316 3690 2706 3755 Undeenim
2756 3689 2993 3754 factum

753 3832 886 3875 esse
941 3819 1252 3895 putemus,
1306 3814 1472 3899 quod
1519 3815 1582 3880 in
1631 3815 1870 3883 Fannia
1916 3815 2284 3900 Liciniaque
2330 3815 2575 3900 legibus
2621 3822 2989 3901 sumptuum

756 3934 1007 4000 modum
1053 3937 1291 4002 assibus
1335 3938 1660 4023 significet,
1710 3941 1772 4004 in
1822 3942 2077 4025 reliquis
2125 3953 2279 4005 vero'
2315 3942 2665 4007 sestertiis?
2711 3941 2797 4005 Et
2835 3940 2989 4026 quid

752 4082 970 4125 causae
1039 4086 1168 4127 esse
1213 4062 1510 4144 dicamus,
1561 4088 1671 4130 cur
1716 4063 1884 4150 leges
1932 4064 2173 4131 Licinia
2219 4066 2591 4131 recentiores
2630 4066 2988 4131 summatim

820 4320 870 4385 1)
907 4281 1215 4371 jahrhficher
1251 4320 1329 4370 fur
1363 4320 1550 4371 Philol.
1588 4323 1720 4372 1862
1757 4338 1864 4389 pag.
1905 4327 1985 4375 55.
