3350 5250
1625 563 1705 626 60

563 773 994 859 conjectaneis
1041 780 1296 838 senatus
1341 765 1656 838 decretum
1710 780 1911 854 vetus,
1961 772 2031 837 G.
2082 773 2319 837 Fannio
2359 775 2528 836 etz-M.
2556 771 2815 854 Valerio

564 897 855 962 Messalla
925 897 1292 962 oonsulibus
1360 900 1615 977 factum,
1689 899 1771 962 in
1832 919 1988 980 quo
2044 897 2453 981 jubentur
2512 897 2817 982 princi-

563 1044 694 1106 pes
760 1022 1189 1103 civitatis,
1263 1023 1403 1107 qui
1473 1022 1701 1088 ludis
1771 1021 2388 1108 Megalensibus
2463 1022 2816 1110 antiquo

563 1145 736 1210 ritu
779 1147 1315 1224 mutitarent,
1355 1147 1434 1211 id
1476 1154 1597 1211 est
1641 1151 1920 1224 mutua
1962 1149 2191 1211 inter
2233 1125 2405 1222 θέρε
2446 1146 2817 1241 dominia

562 1271 1021 1356 agitarent,
1074 1272 1362 1356 jurare
1419 1273 1628 1356 apud
1692 1272 2081 1336 eonsules
2145 1270 2417 1336 verbis
2480 1247 2813 1357 condep-

563 1398 676 1462 tis
735 1419 888 1461 non
954 1397 1314 1482 amplius
1375 1397 1450 1462 in
1499 1396 1881 1481 singulas
1928 1419 2168 1461 cenas
2214 1404 2591 1483 sumptus
2638 1420 2815 1461 esse

563 1522 972 1602 facturos,
1039 1543 1271 1605 quam
1339 1527 1734 1586 centenos
1780 1521 2288 1605 vicenosque
2333 1523 2552 1587 aeris
2600 1545 2818 1608 prae-

561 1653 685 1712 ter
753 1647 934 1712 olus
995 1654 1072 1711 et
1121 1649 1254 1713 far
1303 1656 1380 1712 et
1424 1650 1732 1726 vinum,
1783 1669 2041 1732 neque
2088 1649 2280 1712 vino
2328 1625 2816 1732 alienigena

562 1772 697 1838 sed
770 1773 1116 1857 patriae,
1170 1795 1502 1852 usuros,
1567 1795 1831 1857 neque
1888 1771 2223 1858 argenti
2287 1772 2388 1854 in.
2432 1772 2815 1837 convivio

564 1898 752 1983 plus
799 1898 1101 1983 pondo,
1152 1920 1386 1982 quam
1436 1896 1696 1963 libras
1742 1905 2068 1964 centum
2119 1897 2543 1962 illaturos·

630 2024 760 2074 Ludi
809 2023 1135 2085 Megalenses
1173 2024 1280 2075 sive
1317 2023 1584 2090 Megalesia
1618 2024 1670 2076 in
1710 2025 1959 2074 honorem
1998 2023 2178 2074 Matris
2210 2025 2367 2082 deum
2404 2024 2814 2074 instituebantur

531 2127 724 2190 ‘pridie
775 2125 950 2175 Nonas
999 2126 1203 2190 Aprilis.
1251 2127 1470 2177 Produei
1513 2127 1744 2177 solebant
1790 2127 1853 2176 ad
1890 2142 1935 2176 a.
1971 2127 2017 2176 d.
2056 2127 2098 2176 V
2136 2127 2259 2176 Idus
2298 2126 2498 2190 Aprilae
2533 2125 2629 2192 (Cf.
2668 2125 2814 2176 Ovid.

565 2231 699 2280 Fast.
736 2231 822 2293 IV,
858 2228 1164 2294 179—372).

632 2333 704 2382 De
757 2333 939 2382 mutiis
991 2333 1236 2383 conviviis
1291 2334 1406 2414 vide
1449 2332 1551 2383 Cic.
1600 2334 1710 2399 Cat.
1748 2332 1866 2396 Maj.
1904 2331 1985 2382 13.
2020 2331 2101 2382 45.
2140 2332 2485 2398 „Sodalitates
2518 2338 2695 2384 autem
2728 2348 2815 2383 me

564 2443 835 2502 quaestore
883 2439 1193 2488 constitutae
1241 2429 1380 2501 sunt,
1429 2438 1586 2487 sacris
1624 2438 1787 2486 Idaeis
1827 2437 2039 2501 Magnae
2074 2436 2252 2486 Matris
2287 2438 2523 2500 acceptis,
2558 2437 2815 2500 Epulabar

563 2542 723 2606 igitur
755 2555 877 2592 cum
911 2541 1168 2590 sodalibus
1203 2540 1414 2590 omnino
1451 2541 1660 2602 modice,
1696 2539 1824 2590 eet.”
1863 2540 2008 2590 Unde
2046 2539 2325 2589 mutitandi
2360 2539 2675 2590 consuetudo
2693 2544 2817 2589 nata

565 2646 648 2708 sit,
683 2645 901 2720 explicat
939 2644 1082 2694 Ovid.
1121 2644 1278 2693 Fastt.
1316 2643 1400 2707 IV,
1436 2642 1719 2693 353—360.

659 2911 1014 2993 Antequam
1064 2908 1140 2972 de
1189 2908 1448 2992 reliquis
1509 2908 1754 2992 legibus
1799 2908 2059 2993 agimus,
2107 2908 2281 2994 prius
2327 2907 2485 2972 illud
2538 2908 2812 2973 animad-

535 3007 863 3114 senatur,
941 3034 1126 3120 vulgo
1196 3034 1490 3119 pleraque
1561 3034 1765 3119 capita
1834 3034 2004 3117 leges
2074 3033 2335 3098 cibarias
2405 3034 2811 3099 continuisse.

568 3158 734 3225 Plin.
795 3161 886 3225 X.
945 3163 1049 3224 50.
1121 3162 1279 3224 139:
1329 3208 1368 3237 „
1399 3210 1414 3224 .
1447 3208 1460 3223 .
1489 3207 1504 3223 .
1537 3209 1550 3224 .
1579 3165 1906 3245 exceptum
1957 3159 2208 3223 invenio
2260 3158 2399 3243 lege
2446 3158 2517 3223 G.
2566 3158 2812 3240 Fannii,

567 3307 646 3349 ne
705 3284 859 3369 quid
905 3283 1152 3349 volucre
1199 3290 1568 3369 poneretur.
1754 3284 1971 3369 quod
2018 3284 2321 3349 deinde
2368 3291 2617 3369 caput
2663 3292 2818 3349 tra-

563 3407 807 3471 latici
832 3430 866 3470 u
891 3431 950 3471 m
992 3431 1126 3493 per
1167 3400 1440 3473 omnes
1479 3408 1701 3493 leges
1734 3406 2256 3473 ambulavit.’'
2282 3406 2807 3494 Capitum'autem

567 3555 898 3599 numerum
946 3533 998 3597 si
1033 3533 1174 3617 quis
1210 3550 1489 3617 quaerat,
1533 3533 1820 3617 equidem
1869 3535 2176 3619 conjicere
2202 3533 2367 3599 haud
2393 3532 2808 3600 dubitaverim

567 3658 686 3722 tria
722 3657 848 3722 fere
873 3679 1111 3743 semper
1137 3658 1345 3735 fuisse,
1371 3679 1636 3741 quorum
1665 3659 1865 3744 primo
1890 3666 2145 3723 cautum
2174 3659 2254 3723 sit
2278 3658 2354 3723 de
2379 3682 2639 3729 numero
2666 3682 2809 3724 con-

567 3784 866 3861 vivarum,
905 3783 1248 3847 secundum
1291 3754 1648 3867 sumptibus
1692 3782 1942 3848 modum
1988 3782 2320 3860 definierit,
2352 3784 2608 3847 tertium
2650 3776 2825 3869 quae'

566 3905 846 3971 ciborum
884 3928 1110 3990 genera
1149 3929 1456 3991 apponere
1504 3907 1739 3995 liceret,
1769 3908 2249 3993 praescripserit.
2277 3907 2475 3993 Cujus
2498 3910 2813 3995 opinionis

571 4037 645 4096 ut
705 4032 978 4096 rationes
1036 4032 1310 4109 reddam,
1375 4038 1598 4096 testem
1666 4022 2001 4116 producam
2054 4034 2451 4099 Athenaeum
2498 4032 2617 4101 VJ.
2664 4038 2809 4099 108.

569 4155 887 4231 ,,Ἐκέλευε
945 4156 998 4221 δ’
1061 4155 1086 4221 ὃ
1141 4154 1313 4233 νόμος
1357 4137 1516 4237 τριῶν
1563 4156 1674 4234 μὲν
1721 4158 1990 4231 πλείονας
2039 4162 2151 4222 τῶν
2190 4157 2298 4235 ἔξω
2344 4167 2452 4233 τῆς
2498 4160 2677 4234 οἰκίαις
2723 4160 2811 4239 μὴ

573 4280 978 4361 ὑποδέχεσθαι,
1042 4281 1180 4345 κατ’
1239 4279 1459 4361 ἀγορὰν
1519 4280 1581 4345 δὲ
1642 4284 1755 4344 τῶν
1816 4280 2009 4347 πέντε.
2057 4282 2115 4368 ss
2160 4284 2401 4367 ὀψωνεῖν
2448 4284 2512 4349 δὲ
2556 4284 2812 4358 πλείονος
