3350 5250
1690 662 1771 723 82

570 835 942 959 κ585β1ίξ9).
991 869 1339 935 Audiamus
1387 866 1921 933 modo'Liviumt
1964 864 2103 946 „In
2149 862 2471 953 equitibus
2516 862 2847 929 ‘censendis

597 997 804 1061 tristis
867 995 1204 1061 admodum
1273 998 1488 1079 atque'
1530 1016 1745 1081 aspera
1816 1012 2079 1057 censura
2148 991 2301 1056 fuit:
2374 990 2594 1055 multis
2660 1010 2853 1073 equos

608 1121 1016 1187 ademerunt”
1051 1122 1120 1204 1).

601 1230 604 1233 ⁴
699 1246 1026 1311 Aemiliam
1066 1246 1267 1330 legem
1309 1250 1524 1309 secuta
1570 1251 1664 1309 est
1708 1242 1968 1321 Licinia,
2016 1262 2206 1326 quam
2254 1241 2411 1306 tulit
2456 1240 2526 1305 P.
2569 1240 2855 1304 Licinius

611 1371 868 1437 Crassus
937 1372 1143 1435 Dives.
1217 1370 1312 1434 De
1378 1393 1540 1435 anno
1599 1376 1807 1433 autem
1872 1390 1997 1452 quo
2059 1390 2191 1461 eam
2262 1367 2503 1447 tulerit,
2565 1388 2849 1451 magnam

609 1498 780 1562 inter·
807 1499 977 1589 ‚viros
1015 1498 1230 1561 doctos
1278 1495 1759 1561 controversiam
1810 1502 2019 1559 natam
2063 1516 2213 1574 esse,
2256 1516 2442 1579 supra
2462 1470 2591 1577 jain
2620 1491 2854 1556 monui.

612 1622 954 1706 Reliquum
1038 1628 1130 1685 est
1191 1627 1267 1685 ut
1337 1622 1459 1704 hic⁸
1507 1620 1899 1704 argumentis
1970 1598 2327 1705 opinionem
2398 1640 2596 1682 meam
2666 1637 2853 1702 supra

611 1748 988 1833 propositam
1051 1745 1462 1833 comprobem,
1535 1747 1693 1811 hanc
1749 1746 1948 1832 legem
2020 1767 2143 1809 non
2190 1742 2575 1821 incidere-in
2620 1762 2855 1807 annum

615 1874 924 1961 643s111,
971 1894 1097 1957 quo
1143 1895 1306 1937 anno
1350 1871 1687 1936 tribunatu
1734 1869 1931 1957 plebis
1978 1868 2234 1934 Crassus
2282 1871 2537 1934 functus
2586 1876 2699 1949 est,
2744 1866 2849 1932 sed

616 1998 696 2064 ab
739 2022 813 2064 eo
857 1999 924 2063 in
969 1990 1262 2084 praetura
1309 1998 1498 2063 latam
1553 2020 1703 2063 esse.

705 2120 985 2189 Primum
1031 2124 1244 2210 paullo
1288 2130 1433 2188 ante
1477 2124 1580 2187 Iex
1628 2122 1899 2187 Aemilia
1944 2122 2073 2187 lata
2113 2129 2245 2187 est:
2284 2120 2615 2193 verisimile
2640 2125 2850 2185 autem

616 2274 746 2316 esse
807 2272 932 2315 non
995 2257 1170 2336 puto,
1232 2246 1389 2316 duas
1433 2250 1603 2335 leges
1646 2256 1776 2313 tam
1825 2270 2013 2334 parvo
2058 2247 2387 2313 intervallo
2430 2246 2857 2333 promulgatas
2936 2313 2941 2316 ,

617 2399 768 2456 esse,
834 2399 1030 2472 quum
1079 2376 1440 2461 praesertim
1485 2375 1746 2439 affirmet
1793 2373 2149 2439 Macrobius
2199 2394 2419 2437 novam
2469 2372 2670 2456 legem
2699 2392 2859 2435 exo·

615 2502 889 2567 lescente
952 2507 1124 2581 metu
1187 2501 1560 2585 antiquioris
1619 2500 1964 2585 quaesitam
2023 2494 2201 2564 esses
2242 2478 2529 2563 Alterum
2578 2496 2698 2561 hoc
2744 2504 2858 2576 est,

617 2629 781 2713 quod
833 2649 1036 2693 annus
1083 2627 1364 2714 643J111
1423 2649 1544 2691 non
1593 2627 1770 2692 valde
1816 2648 2069 2712 prosper
2117 2624 2240 2689 fuit
2282 2624 2687 2710 optimatium
2736 2624 2859 2689 fac·

624 2754 798 2832 tioni‚
851 2753 1080 2840 quippe
1127 2773 1252 2837 quo
1299 2775 1462 2816 anno
1510 2752 1607 2816 lex
1651 2752 1948 2816 Memmia
1992 2751 2229 2836 perlata
2274 2751 2376 2815 sit.
2426 2749 2852 2836 Optima‘tium

617 2886 827 2944 autem
875 2877 1102 2944 studiis
1147 2877 1430 2943 effectum
1478 2899 1628 2955 esse,
1668 2883 1745 2942 ut
1780 2877 1880 2942 lex
1914 2847 2157 2941 Licinia
2196 2875 2437 2962 perlata
2474 2875 2579 2953 sit,
2626 2874 2858 2938 diserte
2976 2955 2983 2962 .

614 3005 880 3095 >affirmat
927 3003 1279 3070 Macrobius
1325 3011 1388 3068 et
1431 3001 1672 3068 efficere
1718 3003 1866 3068 licet
1912 3025 1989 3068 ex
2027 3003 2329 3081 oratione,
2372 3023 2499 3086 qua
2540 2996 2863 3064 Duronius

619 3130 1079 3215 abrogationem
1139 3129 1272 3214 ejus
1318 3127 1547 3194 suasit:
1593 3127 1834 3207 „Freni
1880 3135 2031 3193 sunt
2080 3127 2292 3214 injecti
2340 3126 2511 3192 vobis
2559 3125 2861 3206 QuiriteS,

549 3321 568 3344 κ
620 3256 797 3321 nullo
843 3255 1023 3320 modo
1069 3254 1492 3341 perpetiendi3
1538 3253 1783 3338 alligati
1829 3241 1893 3318 et
1926 3253 2250 3330 constricti
2294 3253 2441 3318 estis
2486 3274 2697 3316 amaro
2738 3250 2868 3315 vin·

621 3381 766 3446 culo
811 3380 1131 3444 servitutis
1146 3408 1163 3460 ;
1211 3381 1311 3444 lex
1361 3379 1526 3444 enim
1573 3379 1702 3444 lata
1751 3387 1865 3459 est,
1913 3401 2073 3462 quae
2122 3401 2227 3443 vos
2272 3379 2441 3463 frugi
2489 3402 2619 3443 esse
2657 3375 2862 3460 jubet.

591 3505 1014 3590 ·Abrogemus
1076 3505 1272 3589 igitur
1325 3505 1499 3570 istud
1547 3505 1835 3570 horridae
1880 3505 2211 3569 vetustatis
2256 3503 2545 3588 rubigine
2592 3502 2864 3568 obsitum

620 3631 974 3718 imperium.
1043 3626 1326 3695 Etenim·
1367 3631 1518 3714 quid
1591 3653 1749 3716 opus
1806 3630 2114 3708 libertate,
2178 3631 2230 3694 si
2296 3627 2648 3694 volentibus
2706 3629 2866 3693 luxu

621 3757 820 3842 perire
857 3777 982 3820 non
1021 3756 1166 3821 licet
1183 3755 1252 3820 ?”
1277 3757 1502 3839 Itaque
1526 3754 1875 3821 rationibus
1900 3755 2244 3859 subductis,
2271 3755 2530 3843 propius
2566 3756 2633 3828 ni
2656 3755 2861 3836 fallor,

622 3884 700 3947 ad
750 3903 963 3947 verum
1007 3883 1279 3961 accedet,
1325 3881 1437 3967 qui
1485 3881 1701 3947 Crasso
1746 3883 2015 3968 praetori
2054 3863 2222 3948 ⁸hanc
2267 3883 2469 3967 legem
2517 3880 2869 3961 adscribat,

621 4007 856 4093 quippe
915 4008 1016 4072 cui
1061 4007 1225 4072 nihil
1273 4014 1485 4093 aperte
1531 4005 1935 4086 contradicat,
1982 4007 2357 4094 suffragatur
2402 4008 2660 4074 fortasse
2704 4007 2863 4072 Sue·

625 4132 852 4211 toniuS,
922 4132 1033 4216 qui
1100 4133 1165 4196 in
1224 4133 1354 4198 vita
1411 4134 1693 4218 Augusti
1753 4156 1807 4199 c.
1874 4136 1953 4197 89
2018 4134 2232 4199 eodem
2284 4134 2411 4199 fere
2462 4141 2742 4221 tempore
2796 4125 2869 4196 P.

689 4402 738 4467 1)
773 4401 957 4451 xnm.
997 4402 1082 4453 16.
