3350 5250
1388 1626 1959 1713 CAPUT
2082 1628 2189 1710 H.

1584 1942 1973 1951 ——-——-——-—

757 2179 898 2245 Jam
968 2165 1366 2267 pei-venimus
1435 2180 1509 2245 ad
1583 2203 1725 2257 eam,
1784 2178 2223 2265 disputationis
2284 2162 2545 2265 partem,
2610 2202 2737 2264 qua
2796 2202 2899 2247 su·

667 2328 806 2371 mus
868 2306 1207 2392 exposituri
1277 2318 1602 2369 censorum
1648 2306 1713 2369 in
1761 2305 2015 2369 luxuria
2061 2304 2396 2369 coercenda
2441 2314 2665 2392 partes.
2714 2306 2901 2387 Quod

665 2438 875 2497 autem
943 2454 1130 2517 supra
1197 2432 1432 2517 scripsi,
1497 2430 1665 2516 leges
1734 2432 2151 2517 sumptuarias
2182 2416 2281 2495 'eo
2329 2432 2593 2525 maxi-me
2639 2420 2941 2497 consilio*

665 2558 820 2622 latas
887 2581 1036 2638 esse,
1106 2565 1178 2621 ut
1247 2556 1594 2621 nobilitatis
1655 2556 2139 2621 dominationem
2204 2558 2658 2636 confirmarent,
2706 2558 2767 2622 id
2824 2582 2898 2623 ex

598 2695 604 2700 ’
664 2684 902 2752 ratione
949 2705 1076 2769 qua
1122 2683 1190 2748 C.
1232 2682 1901 2749 FabriciusLuscinus
1942 2691 2005 2748 et
2033 2661 2121 2748 M.
2147 2683 2406 2762 Porcius
2430 2682 2584 2749 Cato
2610 2707 2893 2750 censores

659 2789 972 2875 luxuriam
1031 2811 1572 2894 impugnaverunt,
1641 2808 1873 2894 optime
1933 2809 2196 2895 perspici
2260 2816 2485 2896 potest.
2536 2810 2720 2892 Quod
2768 2834 2895 2896 quo

663 2935 888 3000 melius
947 2934 1230 3020 intellegi
1292 2935 1711 3020 explicarique
1772 2933 1983 3020 possit,
2043 2957 2262 3019 operae
2323 2936 2595 3021 pretium
2647 2935 2893 3003 videtur

659 3062 724 3126 in
787 3061 1154 3148 scriptorum
1203 3060 1368 3126 locos
1419 3061 1540 3125 huc
1586 3061 1969 3147 pertinentes
2015 3059 2380 3146 diligentius
2429 3061 2641 3146 paullo
2686 3063 2893 3146 inqui-

663 3209 816 3268 rere,
865 3207 1091 3269 eosque
1137 3185 1518 3270 argumentis
1563 3207 1638 3248 ex
1686 3185 1947 3250 historia
1984 3186 2199 3271 petitis
2244 3186 2513 3252 breviter
2548 3188 2885 3255 illustrare.

661 3312 942 3377 Primum
989 3312 1184 3396 igitur
1231 3309 1474 3378 afferam
1523 3311 1708 3376 locos·
1862 3291 1876 3299 ’
2120 3353 2125 3360 ·
2571 3291 2579 3296 ⁵
2712 3401 2721 3410 ,

753 3436 894 3503 Val.
965 3437 1132 3502 Max.
1196 3437 1286 3502 ΙΙ.
1352 3441 1411 3501 9.
1477 3440 1539 3503 4.
1603 3422 1642 3515 ζ,
1663 3436 1834 3518 Quid
1890 3437 1969 3502 de
2018 3434 2283 3503 Fabricii
2329 3460 2586 3504 censura
2630 3437 2897 3523 loquar?

662 3564 956 3632 Narravit
1016 3563 1216 3628 omnis
1275 3571 1444 3629 aetas
1506 3570 1570 3629 et
1605 3543 1921 3649 ¹deinceps
1968 3560 2243 3629 narrabit
2288 3564 2364 3628 ab
2412 3587 2484 3629 eo
2534 3563 2895 3632 Cornelium

664 3691 962 3758 Rufinum
1010 3689 1252 3764 duobus
1299 3657 1724 3755 consulatibus
1771 3697 1835 3754 et
1874 3690 2185 3755 dictatura
2232 3690 2672 3775 speciosissime
2720 3693 2899 3757 func-⁴

664 3827 823 3896 tum,
887 3816 1055 3902 quod
1116 3815 1326 3880 decem
1384 3815 1586 3902 pondo
1634 3837 1775 3880 vasa
1819 3821 2110 3900 argentea
2154 3823 2585 3903 comparasset,
2634 3817 2895 3902 perinde

663 3967 734 4009 ac
804 3943 964 4008 malo
1031 3943 1314 4029 exemplo
1375 3941 1786 4021 luxuriosum,
1849 3941 1915 4006 in
1968 3939 2182 4006 ordine
2228 3942 2532 4007 senatorio
2578 3949 2895 4008 retentum

663 4089 787 4136 non
834 4065 1002 4134 esse’'
1032 4066 1101 4155 1).

737 4333 786 4400 1)
823 4333 900 4383 cf.
933 4332 1060 4382 oen.
1096 4329 1370 4401 xv11.*21.
