3350 5250
1463 669 1477 681 ‚
1521 608 1558 668 9

419 812 612 878 facile
689 818 985 898 arcerent,
1054 835 1215 898 quae
1282 837 1319 878 a
1387 836 1553 879 more
1625 813 1927 900 majorum
1984 813 2158 877 cives
2221 820 2549 878 avocarent
2596 820 2661 879 et

419 941 508 1005 ad
582 962 782 1005 rerum
853 960 1148 1004 novarum
1218 939 1497 1004 studium
1569 940 1927 1018 excitarent,
2000 939 2107 1003 sed
2171 939 2357 1004 etiam
2405 939 2663 1026 impedi-

422 1073 595 1144 rent,
638 1066 971 1150 quominus
1014 1067 1154 1153 ipsi,
1197 1089 1232 1130 a
1269 1066 1536 1153 pristina
1575 1067 1809 1131 virtute
1848 1065 2267 1145 deflectentes,
2293 1088 2467 1130 suam
2492 1067 2661 1153 apud

421 1191 731 1278 populum
794 1190 1314 1273 existimationem
1372 1199 1562 1276 atque
1625 1191 2058 1257 auctoritatem
2108 1191 2487 1256 amitterent.
2537 1192 2662 1256 Vix

423 1313 643 1382 autem
710 1317 909 1382 ullum
977 1318 1259 1382 invenias
1321 1316 1575 1406 malum,
1624 1317 1790 1400 quod
1848 1316 2250 1404 perniciosius
2312 1317 2395 1382 sit
2440 1338 2663 1402 pauco·
2764 1359 2777 1376 s

426 1466 573 1508 rum
617 1443 902 1528 regimini
948 1466 1134 1527 quam
1174 1443 1384 1520 luxus,
1431 1441 1622 1526 idque
1668 1441 1898 1528 triplici
1937 1441 2330 1528 potissimum
2355 1441 2433 1507 de
2456 1464 2659 1510 causa.

426 1568 713 1634 Primum
782 1569 967 1648 enim,
1036 1574 1111 1632 ut
1180 1569 1626 1653 Montesquivii
1700 1547 1908 1632 verbis
1971 1575 2113 1632 utar
2170 1617 2210 1647 ‚,
2236 1567 2662 1632 l'aristocratie

426 1717 464 1757 a
535 1717 601 1758 ce
669 1693 970 1772 malheur,
1042 1709 1164 1778 que
1223 1693 1314 1758 les
1375 1693 1594 1758 nobles
1653 1715 1693 1778 y
1756 1699 1865 1758 ont
1912 1691 2019 1758 des
2065 1693 2382 1771 richesses,
2430 1701 2494 1759 et
2542 1716 2664 1778 que

427 1821 781 1907 cependant
834 1820 910 1885 ils
972 1843 1051 1885 ne
1111 1820 1365 1911 doivent
1425 1843 1533 1906 pas
1596 1791 1931 1906 depenser:
1979 1820 2037 1886 le
2084 1820 2230 1884 luxe
2275 1821 2581 1886 contraire
2629 1821 2667 1885 ὲ,

425 1927 667 2034 l'esprit
735 1947 814 2011 de
881 1943 1284 2024 moderation,
1357 1968 1434 2012 en
1502 1946 1638 2011 doit
1684 1946 1815 2011 &tre
1862 1945 2092 2011 banni”
2118 1947 2189 2030 1).
2241 1946 2384 2029 Quo
2431 1947 2667 2012 lautius

431 2073 651 2139 vivunt
745 2072 1030 2152 nobil.es,1
1093 2094 1343 2157 quoque
1432 2072 1686 2138 effusius
1778 2072 2064 2138 luxuriae
2155 2072 2506 2157 indulgent,
2594 2097 2667 2138 eo

431 2200 625 2286 magis
687 2223 724 2264 a
783 2169 972 2284 vulgo
1039 2165 1363 2265 homiuum
1433 2207 1841 2285 segregantur
1910 2199 2285 2284 longiusque
2353 2201 2672 2294 progredi·

431 2333 662 2391 untur·
697 2323 1042 2410 superbiae.
1113 2323 1295 2390 Unde
1363 2325 1452 2403 fit,
1528 2331 1602 2389 ut
1677 2326 1925 2390 tandem
2008 2326 2178 2390 omni
2245 2326 2666 2391 moderatione

431 2451 734 2536 neglecta,
781 2449 1160 2534 reliquorum
1200 2451 1423 2517 civium
1463 2453 1877 2538 oppressione,
1918 2475 2043 2517 non
2086 2453 2215 2516 suis
2247 2454 2523 2539 ipsorum
2551 2452 2666 2517 vir-

432 2577 682 2644 tutibus
727 2578 1114 2644 dominatum
1163 2578 1442 2645 obtinere
1491 2577 1805 2646 studeant.
1854 2577 2014 2643 Tum
2065 2601 2208 2644 vero
2256 2579 2664 2645 metuendum

431 2713 546 2785 est,
616 2728 698 2770 ne
767 2704 1012 2771 eveniat
1081 2705 1248 2789 quod
1321 2705 1416 2770 his
1481 2704 1681 2770 verbis
1742 2705 2037 2771 describit
2081 2705 2409 2792 Polybius:
2457 2708 2667 2781 ,,ε’πει-

431 2832 541 2897 δαν
577 2830 693 2913 γοὲρ
739 2855 827 2904 τις
866 2831 1326 2910 συνθεασάμενος
1361 2832 1460 2897 τὸν
1497 2831 1702 2914 φθόνον
1738 2832 1837 2897 καὶ
1881 2833 1947 2897 τὸ
1992 2838 2167 2910 μῖσος
2204 2831 2341 2898 κατ’
2391 2833 2580 2897 αὐτῶν
2603 2834 2669 2898 τὸ

430 2957 596 3039 παραὶ
640 2964 757 3029 τοῖς
802 2956 1068 3029 πολίταις
1117 2956 1268 3039 ὑποὶρ
1270 2980 1401 3037 χον,
1447 2956 1705 3022 κᾶπειτα
1746 2954 1986 3041 θαρρήσῃ
2026 2946 2217 3036 λέγειν
2254 2955 2286 3031 ἦ
2315 2954 2588 3039 πράττειν
2612 2981 2667 3022 τι

431 3082 598 3148 κατὰ
663 3086 776 3147 τῶν
846 3082 1230 3163 προεστώτων,
1291 3086 1414 3148 πᾶν
1475 3082 1702 3162 ἕτοιμον
1760 3082 1863 3149 καὶ
1923 3084 2189 3165 συνεργὸν
2250 3082 2556 3163 λαμβάνει
2601 3084 2667 3149 τὸ

432 3213 669 3284 πλῆθος.
736 3212 932 3275 λοιπὸν
991 3207 1084 3283 οὸς
1144 3208 1254 3289 μὲν
1298 3209 1708 3292 φονεύσαντες,
1752 3207 1845 3284 οὕς
1892 3210 1955 3275 δὲ
2000 3208 2491 3292 φυγαδεύσαντες
2522 3257 2537 3273 .
2560 3258 2575 3273 .
2606 3258 2621 3273 .
2651 3257 2666 3272 .

433 3338 541 3409 τὴν
575 3336 686 3415 μὲν
726 3336 1019 3401 πολιτείαν
1057 3335 1124 3412 ἐξ
1159 3340 1542 3418 ὀλιγαρχικῆς
1589 3336 1984 3418 δημοκρατίαν
2031 3336 2345 3412 ἐποίησαν”
2374 3336 2447 3423 ²).

527 3461 704 3543 Quae
767 3483 963 3545 quum
1027 3462 1117 3527 ita
1169 3462 1315 3543 sint,
1343 3462 1541 3539 ¹facile
1587 3462 1990 3548 int-elligitur,
2041 3485 2151 3527 cur
2196 3462 2363 3549 apud
2413 3468 2665 3541 veteres,

435 3595 565 3651 tam
619 3587 906 3665 Graecos,
951 3610 1138 3671 quam
1183 3588 1490 3653 Romanos
1536 3588 1901 3681 institutum
1944 3596 2121 3666 esset,
2164 3596 2237 3653 ut
2275 3588 2568 3673 primores
2593 3611 2668 3653 ex

435 3714 688 3778 civitate
734 3713 859 3778 sive
905 3714 1299 3779 aedificandis
1344 3713 1616 3800 publicis
1664 3712 2085 3779 monumentis
2132 3714 2257 3778 sive
2301 3714 2666 3799 magistrati-

435 3836 556 3903 bus
601 3838 982 3924 sumptuosis
1027 3838 1311 3931 gerendis
1356 3839 1607 3906 divitias
1653 3862 1797 3904 suas
1845 3845 2297 3905 consumerent.
2346 3836 2667 3903 Praeclare

437 3965 602 4029 enim
664 3962 959 4029 videbant
1001 3964 1138 4030 hoc
1197 3988 1328 4029 esse
1386 3966 1661 4052 positum
1708 3966 1775 4030 in
1824 3965 2097 4030 humana
2140 3969 2386 4041 natura,
2436 3970 2510 4028 ut
2557 3963 2669 4048 qui

437 4091 676 4157 divitiis
721 4090 1060 4172 abundent,
1107 4090 1244 4157 aliis
1292 4090 1680 4178 praefulgere
1726 4092 2037 4157 studeant.
2088 4090 2189 4155 Ne
2232 4090 2449 4176 igitur*
2477 4111 2667 4155 vanae

509 4376 770 4444 1)‘1·}sprit
800 4377 885 4428 des
918 4376 1035 4427 Lois
1068 4372 1188 4437 VII,
1225 4378 1275 4428 3.
1675 4376 1731 4443 2)
1768 4376 1854 4437 vl,
1892 4378 1922 4426 9
1958 4375 2235 4440 (Hultsch).
