3350 5250
1752 620 1832 681 12

684 826 946 913 puberes
1017 850 1138 892 non
1208 828 1274 893 in
1346 828 1546 895 forum
1615 830 1721 893 sed
1782 828 1846 893 in
1909 852 2124 915 agrum
2194 828 2519 909 deducere,
2568 853 2640 894 eo
2687 829 2923 894 scilieet

684 926 955 1035 nomine,
1003 960 1153 1034 „ut
1215 954 1313 1018 illi
1357 954 1592 1041 primos
1638 978 1833 1022 annos
1882 977 2005 1020 non
2051 956 2119 1020 in
2169 956 2579 1021 luxuria-sed
2627 956 2693 1020 in
2742 978 2923 1042 opere

686 1088 752 1145 et
810 1079 1130 1146 laboribus
1197 1081 1494 1165 agerent”
1523 1078 1594 1166 l).
1657 1080 1925 1167 Ephoris
1970 1086 2219 1166 quoque
2267 1081 2629 1147 mandatum
2674 1106 2803 1147 esse
2850 1088 2925 1148 ut

687 1204 1000 1269 luxuriam
1071 1206 1246 1271 omni·
1307 1206 1546 1271 ratione
1616 1210 1988 1287 coercerent,
2052 1211 2115 1270 et
2165 1229 2241 1270 ex
2286 1206 2363 1271 iis
2410 1229 2570 1291 quae
2616 1229 2803 1293 supra
2847 1206 2923 1271 de

689 1353 900 1396 eorum
949 1353 1208 1406 munere
1255 1332 1653 1417 exposuimus
1702 1337 1763 1395 et
1811 1332 2111 1422 exemplis
2152 1354 2227 1396 ex
2265 1331 2671 1418 scriptoribus
2709 1333 2925 1419 petitis

688 1463 944 1543 apparet
969 1460 1042 1542 2).
1115 1455 1202 1520 Ut
1271 1464 1480 1521 autem
1542 1456 1839 1545 mollitiae
1904 1464 1969 1521 et
2032 1458 2319 1523 luxuriae
2364 1457 2442 1523 ab
2488 1459 2565 1523 iis
2613 1482 2923 1545 repressae

686 1583 966 1669 exempla
1036 1574 1288 1661 adsunt,
1354 1583 1440 1647 sic
1500 1581 1881 1663 divitiarum,
1952 1605 2112 1667 quae
2174 1583 2409 1649 talibus
2453 1585 2646 1655 „vitIis
2712 1607 2930 1671 propa·

687 1709 906 1794 gaudis
974 1715 1038 1774 et
1105 1709 1404 1795 augendis
1472 1710 1778 1795 imprimis
1846 1710 2049 1775 favere
2105 1710 2327 1807 solent,
2396 1733 2517 1777 usu
2578 1710 2819 1775 civibus
2866 1718 2929 1776 et

686 1836 1048 1923 peregriniS,
1121 1835 1378 1921 Spartae
1449 1832 1841 1920 degentibuS‚
1879 1844 2190 1919 quantum
2237 1835 2370 1899 fieri
2418 1842 2683 1923 poterat,
2732 1839 2924 1901 inter-

689 1962 1005 2027 dixerunt.
1047 1960 1286 2026 Similia
1325 1966 1535 2025 autem
1583 1967 1911 2047 praecepta
1957 1962 2123 2048 apud
2173 1960 2499 2027 Cretenses
2523 1962 2838 2027 exstitisse
2863 1968 2927 2026 et

686 2087 942 2154 aliunde
1003 2086 1150 2152 satis
1219 2076 1462 2151 coristat
1529 2093 1592 2150 et
1641 2086 1939 2152 conficere
1983 2087 2134 2151 licet
2180 2111 2255 2152 ex
2300 2088 2434 2153 loco
2490 2086 2772 2169 Platonis
2821 2087 2929 2153 ubi
2997 2167 2999 2169 V

689 2213 768 2279 de
811 2213 1060 2278 illarum
1120 2213 1330 2298 legum
1395 2212 1650 2278 consilio
1709 2212 1865 2304 ¹haec
1926 2213 2333 2299 proferuntur
2402 2214 2649 2292 ,,“Τμῖν
2716 2214 2832 2295 γὰρ
2898 2212 2926 2279 ὃ

691 2339 998 2419 νομοθέτης
1044 2342 1234 2418 μόνοις
1283 2327 1579 2415 Ἑλλήνων
1623 2338 1727 2404 καὶ
1774 2339 2110 2422 βαρβάρων,
2160 2337 2233 2405 ὧν
2280 2343 2455 2420 ἡμεῖς
2502 2340 2926 2421 πυνθανόμεθα,
2966 2420 2972 2427 ⁸

611 2474 616 2477 ’
691 2472 803 2532 τῶν
874 2466 1168 2546 μεγίστων
1241 2466 1448 2539 ἡδονῶν
1510 2464 1613 2531 καὶ
1676 2459 1917 2533 παιδιῶν
1980 2464 2261 2541 ἐπέταξεν
2308 2466 2643 2548 ἀπέχεσθαι
2689 2466 2793 2533 καὶ
2842 2468 2930 2546 μὴ

693 2592 980 2674 γεύεσθαι,
1051 2593 1117 2658 τὸ
1184 2590 1246 2658 δὲ
1307 2596 1419 2658 τῶν
1465 2596 1663 2657 λυπῶν
1712 2591 1814 2658 καὶ
1860 2591 2067 2676 φόβων
2084 2642 2275 2658 .....
2325 2592 2593 2672 ἡγήσατο
2639 2592 2823 2668 εἴτις
2867 2595 2933 2660 ἐκ

693 2720 924 2785 παίδων
971 2717 1292 2814 ’φευξεῖται
1353 2719 1450 2785 δια
1510 2707 1732 2795 τέλους,
1780 2718 1996 2785 ὁπόταν
2043 2721 2121 2793 εἷς
2159 2719 2520 2799 ἀναγκαίους
2558 2719 2691 2802 ἔλθῃ
2732 2707 2935 2793 πόνους

694 2845 797 2912 καὶ
836 2845 1064 2928 φόβους
1109 2844 1214 2911 καὶ
1256 2845 1473 2925 λύπας,
1513 2844 1857 2928 φευξεῖσθαι
1897 2845 2029 2919 τούς
2068 2847 2125 2910 ἐν
2158 2845 2381 2919 ἐκείνοις
2404 2845 2931 2926 γεγυμνασμένους

693 2971 795 3038 καὶ
842 2970 1163 3037 δουλέυσειν
1205 2973 1446 3046 αὖτοῖς”
1485 2975 1552 3058 3).

785 3101 861 3163 In
953 3098 1431 3164 Atheniensium
1523 3122 1587 3164 re
1656 3097 1907 3184 publica
1962 3097 2234 3164 -vidimus
2300 3121 2487 3184 supra
2550 3108 2937 3194 quantopere

697 3232 941 3290 caveret
995 3225 1188 3290 Solon
1245 3247 1324 3290 ne
1385 3225 1450 3290 in
1495 3199 1767 3289 ‘nimiam
1833 3224 2178 3290 licentiam.
2208 3224 2525 3310 popularis
2597 3225 2936 3290 dominatio

695 3357 1040 3436 prorueret.
1112 3347 1249 3414 Hoc
1311 3358 1376 3416 et
1437 3348 1558 3414 alia
1619 3349 1859 3414 ratione
1917 3350 2218 3435 impedire
2282 3350 2528 3415 studuit
2576 3359 2637 3414 et
2684 3350 2935 3415 ferendo

695 3476 884 3560 leges,
954 3474 1182 3560 quibus
1240 3475 1525 3540 luxuriae
1591 3473 1811 3540 modus
1876 3475 2326 3561 imponeretur.
2394 3471 2667 3563 Etenim,
2738 3497 2935 3562 quum

697 3600 883 3665 nimis
943 3609 1307 3687 sumptuosa
1365 3601 1497 3664 fieri
1538 3600 1755 3665 funera
1804 3600 2165 3686 coepissent,
2218 3598 2459 3665 Solonis
2504 3601 2645 3686 lege
2690 3600 2937 3666 sublata

698 3732 848 3791 sunt
870 3729 945 3812 4),
1015 3747 1141 3810 qua
1207 3724 1342 3810 lege
1401 3725 1565 3790 inter
1623 3707 1747 3790 alia
1806 3725 2212 3790 interdictum
2276 3732 2409 3790 erat
2469 3749 2549 3790 ne
2615 3727 2759 3812 plus
2815 3749 2939 3792 una

700 3849 854 3916 bove
911 3851 1360 3918 immolaretur.
1408 3850 1646 3916 Statuit
1700 3856 2038 3938 praeterea,
2086 3852 2138 3916 si
2184 3849 2448 3936 Diogeni
2493 3847 2743 3917 Laertio
2788 3853 2938 3918 fides

760 4197 813 4262 1)
849 4196 979 4258 Just.
1013 4196 1130 4253 ibid.
1531 4197 1586 4261 2)
1624 4194 1699 4246 Cf.
1736 4213 1778 4246 e.
1813 4211 1860 4260 g.
1896 4194 2079 4256 Athen,
2116 4194 2211 4246 IV.
2248 4198 2329 4248 65.
2365 4197 2478 4250 XII.
2519 4197 2656 4257 74.-‚

767 4290 821 4354 3)
857 4289 932 4339 De
965 4289 1095 4354 legg.
1132 4290 1176 4338 1·
1195 4305 1244 4354 p.
1283 4289 1398 4339 635.

686 4413 692 4420 ·
758 4383 813 4444 4)
849 4379 953 4431 cie.
986 4380 1045 4430 de
1079 4380 1206 4455 legg.
1241 4379 1311 4441 ΙΙ,
1346 4380 1427 4431 25.
1465 4381 1530 4430 64
1562 4380 1626 4430 cf.
1661 4379 1796 4430 Plut.
1833 4378 1997 4429 Solon.
2030 4396 2077 4428 e.
2119 4378 2199 4429 21.
