3350 5250
1505 619 1544 679 3

391 821 525 887 duo
573 823 762 889 simul
802 823 1218 910 inpetrabant.
1262 823 1543 894 Primum
1581 827 1749 891 euim
1798 825 2021 912 agendi
2064 827 2436 914 vivendique
2462 827 2653 911 liber·x

389 954 526 1013 tate
571 950 840 1014 coercita
885 950 1177 1015 facillime
1224 930 1384 1016 cites
1431 953 1622 1020 arceri
1668 959 1958 1039 poterant
2004 952 2081 1018 ab
2128 954 2434 1035 omnibus,
2487 977 2646 1039 quae

394 1097 431 1137 a
480 1075 754 1160 pristina
799 1075 1127 1163 disciplina
1175 1097 1277 1140 eos
1323 1084 1651 1144 avocarent
1697 1085 1759 1143 et
1804 1079 1883 1169 ad
1933 1102 2028 1145 res
2075 1102 2266 1145 novas
2312 1080 2653 1146 moliendas
2710 1061 2714 1066 ⁴

391 1202 766 1268 excitarent.
840 1201 1082 1268 Deinde
1144 1203 1259 1267 hoc
1306 1205 1872 1289 consequebantur,
1918 1213 1995 1270 ut
2042 1207 2369 1292 imperium
2421 1207 2498 1270 ad
2547 1230 2651 1271 eos

395 1332 656 1391 tantum
723 1329 1033 1413 pertinere
1103 1328 1439 1408 videretur,
1501 1330 1613 1415 qui
1683 1337 1931 1416 propter
1996 1353 2195 1396 mores
2259 1339 2324 1398 et
2384 1331 2651 1398 indolem

397 1449 584 1536 digni
629 1461 822 1532 erant,
866 1452 1094 1537 quibus
1141 1477 1383 1520 summa
1429 1478 1525 1523 res
1570 1437 2091 1524 committeretur.

493 1577 618 1644 His
655 1578 1003 1645 rationibus
1039 1582 1368 1666 propositis
1407 1581 1458 1646 si
1504 1581 1785 1668 Lycurgi
1830 1583 2127 1673 institpta
2174 1553 2657 1661 consideramuS,

400 1706 589 1771 facile
626 1705 947 1793 apparebit
979 1729 1140 1792 quae
1180 1731 1360 1774 causa
1405 1731 1550 1774 eum
1573 1709 1914 1795 impulerit,
1937 1718 2011 1774 ut
2036 1678 2427 1775 Cretensium
2453 1731 2659 1774 exem-

402 1831 586 1916 plum
635 1840 907 1914 secutus,
954 1856 1254 1900 summam
1298 1857 1542 1920 operam
1586 1835 1973 1922 impenderet
2010 1837 2075 1900 in
2106 1837 2508 1921 juventutem
2538 1837 2656 1901 rite

404 1957 866 2024 instituendam
936 1967 1000 2024 et
1065 1961 1145 2025 ad
1210 1961 1656 2025 severissimam
1722 1960 2112 2047 disciplinam
2164 1961 2656 2040 informandam3

406 2091 488 2150 ut
553 2085 783 2151 ferreos
844 2085 1171 2152 induceret
1239 2109 1526 2152 nummos
1578 2094 1768 2172 atque
1814 2089 1904 2154 ita
1950 2110 2196 2153 omnem
2248 2095 2657 2156 mercaturam

409 2210 808 2298 prohiberet;
871 2219 946 2277 ut
1007 2234 1212 2298 neque
1270 2213 1616 2279 comoedias
1679 2235 1882 2298 neque
1947 2212 2289 2299 tragoedias
2336 2214 2659 2300 Spartanis

408 2346 691 2422 spectare
750 2340 1140 2424 permitteret
1155 2369 1173 2420 3
1232 2347 1303 2405 ut
1349 2338 1750 2405 interdiceret
1795 2339 2057 2419 civibus,
2112 2363 2187 2405 ne
2232 2362 2486 2427 peregre
2534 2361 2659 2425 quo

411 2463 648 2528 vellent
694 2464 1249 2550 proficiscerentur,
1297 2465 1781 2551 peregrinosque
1828 2487 1901 2530 ex
1952 2463 2103 2530 urbe
2145 2465 2369 2554 expelli
2390 2465 2660 2551 juberet.

411 2593 592 2657 Haec
675 2573 884 2657 omnia
952 2600 1183 2673 autem,
1253 2614 1413 2678 quae
1477 2579 1771 2658 'universa
1844 2592 2011 2657 hand
2082 2591 2207 2658 scio
2274 2615 2353 2657 an
2426 2592 2665 2658 civitati

413 2690 697 2781 noceant·
750 2718 944 2802 magis
1013 2740 1200 2804 quam
1268 2719 1529 2805 prosint,
1595 2706 2021 2806 impediebant
2080 2726 2247 2784 certe
2320 2742 2397 2783 ne
2468 2741 2665 2783 mores

411 2843 653 2908 alienos
697 2822 858 2909 cives
903 2844 1333 2909 imitarentur.

509 2967 696 3033 Hisce
766 2976 978 3035 autem
1035 2970 1348 3036 institutis
1407 2973 1841 3055 unusquisque
1913 2969 2100 3050 videt,
2156 2977 2462 3055 quantum
2526 2981 2668 3034 con·'

416 3102 604 3179 gruat
645 3088 1032 3181 Ephororum
1083 3102 1373 3182 potestas,
1422 3096 1540 3180 qui
1585 3097 1750 3161 inter
1794 3097 2158 3181 gravissima
2202 3096 2324 3161 alia
2354 3096 2469 3160 hoc
2496 3118 2666 3181 prae·

417 3220 633 3286 sertim
683 3242 912 3285 munus
957 3219 1286 3300 habebant,
1334 3229 1410 3287 ut
1451 3222 1660 3286 omnia
1704 3222 1948 3307 integra
1976 3229 2040 3285 et
2063 3223 2298 3287 intacta
2324 3229 2660 3302 servarent,

419 3367 582 3429 quae
647 3347 1100 3433 Spartiatarum
1169 3347 1518 3412 dominatui
1591 3348 1854 3411 maxime
1920 3346 2208 3433 prodesse
2260 3347 2664 3433 putabantur.

421 3472 516 3537 Ac
576 3474 846 3557 primum
907 3472 1160 3557 quidem
1215 3474 1569 3558 juventutis
1635 3472 1997 3538 educandae
2062 3496 2210 3540 cura
2258 3475 2331 3537 iis
2382 3473 2670 3538 mandata

424 3605 579 3664 erat.
652 3598 940 3685 Longum
1009 3607 1138 3698 est,·
1187 3600 1713 3683 quemadmodum
1786 3601 1849 3664 in
1924 3600 2036 3665 hac
2105 3622 2169 3665 re
2235 3601 2454 3677 versati
2525 3600 2669 3677 sint,

427 3724 789 3809 singulatim
837 3725 1186 3804 ostendere,
1232 3724 1336 3790 sed
1389 3726 1548 3790 hanc
1595 3726 1871 3790 muneris
1915 3734 2150 3811 partem
2198 3746 2300 3789 eos
2350 3748 2469 3790 non
2498 3726 2671 3811 parvi

425 3846 637 3916 fecisse
701 3858 980 3917 veterum
1050 3853 1406 3918 testimonia
1465 3854 1616 3917 satis
1683 3854 1927 3919 docent.
2016 3853 2181 3918 Fieri
2248 3876 2369 3917 non
2439 3853 2666 3938 potuit,

429 3978 584 4063 quin
665 3980 764 4044 his
847 3978 1030 4045 rebus
1116 4002 1398 4065 magnam
1479 3987 1835 4045 exercerent
1920 3980 1986 4044 in
2071 3980 2360 4045 omnibus
2431 3979 2670 4043 civibus

382 4107 885 4188 auctoritatem,
951 4106 1128 4191 'quos
1215 4106 1380 4172 haud
1465 4128 1640 4171 secus
1710 4128 1782 4172 ac
1856 4126 2079 4191 pueros
2141 4111 2204 4169 et
2267 4106 2529 4190 juvenes
2596 4104 2673 4168 ad

435 4233 662 4318 priscos
730 4255 928 4299 mores
995 4234 1327 4297 servandos
1395 4231 1748 4317 adigebant.
1816 4230 2027 4296 Unum
2090 4232 2412 4297 afferamus
2477 4254 2674 4295 exem·

431 4359 605 4445 plum
642 4359 1229 4454 adillustraudum,
1278 4367 1590 4444 quatenus
1640 4358 1753 4422 illa
1795 4380 1945 4423 cura
1984 4358 2484 4446 progrederetur.
2533 4356 2678 4422 Ter-
