3350 5250
1563 612 1638 679 77

479 826 694 885 secuta
757 826 871 885 est.
937 819 1285 887 Audiamus
1347 821 1529 887 modo
1593 821 2089 907 Macrobium1).
2154 822 2369 908 „Ejus
2426 822 2725 887 ferundae

483 944 716 1029 duplex
764 946 887 1011 fuis
927 968 1142 1011 causa:
1185 947 1445 1031 prima
1495 954 1576 1020 et.
1617 947 2057 1032 potissima
2098 954 2173 1011 ut
2210 947 2499 1013 universa
2526 947 2731 1026 Italia,

484 1093 606 1151 non
666 1070 795 1136 sola
859 1071 1007 1137 urbs
1069 1072 1204 1157 lege
1252 1072 1642 1157 sumptuaria
1690 1079 2031 1151 teneretur,
2082 1073 2319 1138 Italicis
2370 1074 2727 1139 existiman·

481 1195 650 1261 tibus
710 1196 1008 1260 Fanniam
1073 1197 1271 1281 legem
1339 1220 1463 1261 non
1527 1197 1594 1261 in
1659 1221 1725 1261 se
1772 1197 1878 1261 sed
1926 1198 1987 1261 in
2040 1198 2203 1263 solos
2250 1198 2519 1263 urbanos
2567 1170 2729 1263 cives

481 1344 610 1386 esse
671 1320 1146 1408 conscriptam''.
1216 1321 1347 1387 Lex
1411 1322 1614 1407 Oppia
1665 1345 1829 1400 vern,
1877 1345 2038 1407 quae
2086 1324 2485 1409 optimatium
2533 1323 2726 1387 solam

483 1446 824 1511 utilitatem
898 1447 1253 1531 spectabat,
1335 1448 1644 1512 sociorum
1730 1448 1940 1512 Latini
2021 1449 2285 1513 nominis
2360 1449 2727 1514 mulieribus

483 1574 804 1653 concessit,
857 1596 1017 1658 quae
1067 1573 1359 1637 Romanis
1411 1573 1707 1637 matronis
1754 1575 2090 1641 ademerat.

574 1697 761 1779 Quod
809 1697 1266 1783 disputavimus
1313 1698 1389 1762 de
1433 1698 1549 1797 via,
1589 1690 1722 1797 qua*
1755 1698 1832 1761 ad
1868 1698 2035 1784 leges
2059 1700 2359 1791 Fanniam
2387 1708 2451 1765 et
2478 1700 2725 1765 Didiam

484 1823 965 1910 promulgandas
1013 1821 1308 1887 nobilitas
1361 1824 1664 1907 pervenit,
1714 1822 1829 1888 hoc
1875 1823 1939 1888 in
1980 1824 2197 1909 primis
2236 1826 2453 1890 cadere
2481 1825 2729 1889 videtur

483 1951 548 2014 in
622 1972 722 2013 eas
780 1948 966 2034 legeS,
1029 1972 1191 2033 quae
1238 1956 1376 2034 post
1420 1948 1845 2014 Gracchorum
1892 1956 2156 2014 aetatem
2206 1950 2371 2015 latae
2414 1957 2581 2016 sunt.
2631 1950 2727 2014 De

484 2074 740 2158 quibus·
777 2084 1112 2159 antequam
1163 2076 1406 2159 agimus
1456 2074 1703 2139 videtur
1748 2074 2116 2154 docendum,
2160 2076 2368 2160 qualis
2402 2082 2557 2139 tunc
2595 2076 2725 2140 fue·

485 2199 569 2263 rit
627 2172 1005 2285 reipublicae
1067 2200 1363 2265 conditio·
1409 2200 1573 2264 Nam
1623 2200 1733 2264 illa
1780 2201 2025 2285 cognita
2072 2200 2459 2286 singularum
2512 2200 2724 2285 legum

485 2324 644 2390 ratio
690 2324 932 2391 facilius
977 2325 1210 2411 poterit
1254 2324 1511 2411 percipi.

574 2453 850 2515 Venerat
896 2452 1148 2515 tandem
1194 2456 1440 2535 tempus
1484 2473 1612 2535 quo
1656 2453 1984 2527 malorum,
2028 2472 2293 2534 quorum
2335 2451 2569 2515 semina
2599 2452 2724 2536 jam

485 2577 696 2642 adesse
757 2600 942 2663 supra
1005 2578 1422 2663 exposuimus,
1487 2582 1618 2641 tota
1676 2577 1954 2662 prodiret
2016 2576 2131 2640 vie.
2180 2574 2348 2641 Nam
2397 2576 2727 2662 optimates

485 2727 557 2768 eo
603 2703 930 2788 superbiae
979 2710 1042 2766 et
1087 2702 1462 2767 insolentiae
1510 2712 1957 2788 processerant,
2004 2710 2074 2765 ut
2119 2724 2241 2786 quo
2289 2703 2524 2766 lautius
2568 2703 2727 2767 vive·

485 2835 644 2908 rent,
691 2828 950 2893 aliorum
1001 2828 1118 2892 sibi
1167 2829 1580 2914 possessiones
1627 2827 1939 2892 vindicare
1978 2851 2103 2892 non
2144 2836 2537 2907 recusarent3
2580 2850 2729 2914 pau·

486 2954 755 3040 periotes
841 2977 983 3017 vero
1068 2976 1278 3018 eorum
1351 2953 1741 3018 dominatum
1814 2953 1983 3016 haud
2052 2952 2332 3036 frangere
2403 2952 2723 3030 valebant3

488 3102 700 3144 omnes
755 3079 838 3143 ad
900 3102 1099 3144 unum
1157 3080 1433 3164 corrupti
1479 3102 1663 3143 suum
1714 3079 1977 3162 quisque
2025 3078 2513 3143 emolumentum
2561 3099 2726 3162 spec·

487 3203 722 3282 tabant,
773 3211 844 3269 ut
891 3205 993 3268 vix
1038 3203 1378 3288 quidquam
1427 3204 1520 3269 vel
1569 3204 1911 3268 voluntatis
1960 3203 2053 3266 vel
2100 3202 2371 3288 corporis
2408 3203 2729 3286 animique

486 3305 706 3394 virium
759 3330 834 3394 ad
885 3331 1119 3416 patriae
1167 3353 1409 3394 causam
1461 3329 1580 3392 rite
1624 3329 1927 3412 agendam
1980 3328 2457 3411 relinqueretur.
2507 3328 2725 3393 Istius-

490 3456 650 3520 modi
712 3463 923 3520 autem
988 3454 1336 3540 respublica
1392 3475 1576 3537 quam
1641 3475 1869 3539 propre
1916 3475 1953 3516 a
2000 3453 2181 3516 ruina
2227 3452 2388 3516 absit
2434 3459 2498 3516 et
2544 3474 2727 3516 nemo

486 3605 612 3646 non
659 3582 834 3647 facile
878 3580 1194 3665 intelliget
1241 3586 1305 3644 et
1349 3579 1666 3644 intellexit
1712 3579 1921 3663 Scipio
1970 3577 2373 3642 Aemilianus.
2419 3576 2547 3657 Qui
2593 3599 2731 3641 cen·

483 3731 582 3772 sor
629 3729 826 3791 quum
872 3707 1142 3771 lustrum
1187 3704 1498 3781 conderet,
1546 3711 1610 3768 et
1654 3704 1720 3768 in
1768 3702 2067 3768 sacrificio
2114 3702 2320 3767 scriba
2356 3723 2431 3766 ex
2460 3701 2728 3787 plubicis

485 3830 719 3898 tabulis
779 3830 1051 3896 solemne
1111 3830 1165 3894 ei
1221 3829 1626 3914 praecationis
1673 3851 1922 3894 carmen
1970 3826 2255 3912 praeiret,
2302 3807 2450 3910 quo'
2472 3825 2560 3889 dii
2610 3826 2727 3890 im·

482 3959 774 4022 mortales
842 3965 914 4022 ut
976 3957 1193 4043 populi
1251 3955 1526 4020 Romani
1591 3977 1689 4019 res
1740 3953 2022 4017 meliores
2068 3953 2523 4038 amplioresque
2566 3953 2727 4017 face·

486 4090 645 4163 rent,
717 4083 1112 4170 rogabantur,
1183 4103 1428 4146 carmen
1499 4079 1577 4144 ad
1649 4080 1815 4143 hunc
1864 4079 2115 4144 modum
2167 4076 2482 4141 emendari
2521 4077 2729 4163 jussit,

557 4356 607 4420 1)
645 4355 682 4404 1.
722 4355 756 4404 1.
