3350 5250
1700 505 1781 565 56

626 717 867 782 dedisse
893 718 968 800 ¹).
1018 715 1207 779 Didia
1259 714 1357 779 lex
1401 713 1532 776 lata
1578 718 1672 776 est
1710 711 2223 797 anno'611s143,
2273 715 2490 794 utpote
2530 731 2693 794 quae
2728 731 2879 772 auc-

624 847 758 906 tore
807 839 1141 918 Macrobi0,
1189 846 1328 924 post
1375 860 1566 938 anpos
1609 837 1823 901 decem
1870 843 1934 900 et
1982 842 2123 900 octo
2171 835 2470 898 Fanniam
2512 834 2594 898 sit
2634 839 2876 898 secuta.

718 965 811 1030 De
878 966 1032 1050 legis
1097 964 1400 1044 Aemiliae
1463 969 1666 1026 aetate
1730 961 1890 1026 nihil
1952 982 2108 1046 opus
2156 965 2250 1024 est
2296 960 2616 1036 disserere,
2669 979 2874 1041 quum

626 1090 874 1155 Plinius
921 1097 983 1154 et
1031 1089 1327 1156 Aurelius
1375 1089 1592 1152 Victor
1621 1087 1670 1170 ²)
1718 1087 1816 1152 M.
1868 1085 2208 1150 Aemilium
2260 1088 2561 1149 Scaurum
2612 1084 2678 1146 in
2730 1105 2877 1147 con-

632 1214 844 1278 sulatu
918 1221 1059 1277 eum
1130 1212 1373 1277 dedisse
1433 1212 1662 1276 diserte
1728 1210 2054 1276 affirment.
2117 1208 2275 1272 Lata
2327 1212 2423 1272 est'
2467 1209 2663 1292 igitur
2706 1230 2877 1273 anno

633 1338 944 1422 6391115.

727 1460 1006 1526 Liciniae
1075 1483 1219 1525 vero
1289 1461 1442 1545 legis
1509 1460 1731 1524 aetatis
1801 1459 2050 1539 indicia,
2121 1459 2172 1524 si
2239 1481 2399 1542 quae
2467 1457 2609 1536 alia,
2684 1455 2883 1521 dubia

633 1592 784 1649 sunt
851 1593 915 1650 et
986 1609 1158 1670 vaga.
1225 1585 1515 1650 Crassum
1579 1583 1895 1649 consulem
1958 1605 2121 1648 anno
2171 1582 2623 1668 657197113110
2671 1581 2878 1666 legem

640 1712 886 1810 tulisse.
912 1718 1132 1777 auctor
1180 1719 1274 1777 est
1320 1713 1670 1792 Manutius,
1722 1711 1829 1794 qui
1884 1711 1985 1792 (de
2030 1710 2175 1794 legg
2212 1733 2264 1772 c.
2312 1711 2415 1793 18)
2456 1707 2885 1794 sumptuarias

634 1836 801 1921 leges
847 1843 1092 1922 praeter
1137 1837 1428 1902 Orchiam
1479 1858 1691 1901 omnes
1736 1840 2063 1920 nuncupat
2101 1832 2474 1914 consulares.
2517 1835 2593 1896 In
2619 1831 2878 1906 eandem

635 1962 1004 2024 sententiam
1074 1958 1302 2024 abduci
1375 1985 1439 2024 se
1504 1960 1663 2046 passi
1728 1966 1877 2024 sunt
1923 1959 2112 2044 Bayle
2161 1957 2333 2042 (Lex.
2381 1959 2519 2022 crit.
2574 1965 2647 2029 et,
2680 1957 2882 2042 hist.)‚

643 2084 1065 2149 Heinneccius
1116 2086 1304 2167 (Hist.
1353 2085 1492 2150 Jur.
1541 2107 1682 2171 pag.
1734 2087 1857 2148 100
1906 2087 1940 2170 ξ
1992 2087 2050 2168 1)
2099 2084 2269 2148 Bach
2314 2083 2668 2167 (Hist.Jur.
2697 2083 2786 2150 Π.
2818 2085 2885 2150 2.

639 2211 674 2292 ᾧ
727 2212 852 2305 67),
901 2209 1178 2274 Boxman
1230 2208 1294 2293 (l.
1337 2209 1381 2273 l.
1425 2233 1564 2295 pag.
1603 2212 1734 2292 44),
1760 2208 2031 2274 Greuzer
2058 2211 2299 2295 (Antiq.
2325 2209 2505 2274 Rom.
2532 2231 2670 2294 pag.
2704 2173 2886 2294 253),

645 2332 973 2397 Weichert
1044 2335 1143 2417 (de
1205 2334 1435 2399 Laevio
1501 2342 1681 2420 poeta
1726 2337 1761 2421 ξ
1810 2337 1888 2418 7).
1940 2334 2115 2415 Quos
2162 2335 2499 2418 quominus
2544 2355 2883 2419 sequamur

641 2456 877 2520 multae
924 2457 1260 2542 prohibent
1305 2460 1595 2533 rationes.
1649 2461 1742 2523 Ac
1791 2460 2057 2544 primum
2107 2458 2358 2544 quidem
2406 2481 2611 2543 neque
2653 2457 2890 2523 Orchia

638 2604 844 2666 neque
910 2583 1097 2648 Didia
1157 2586 1325 2669 leges
1373 2584 1729 2650 consulares
1778 2585 1973 2666 fuere,
2022 2591 2085 2651 et
2134 2587 2402 2651 Serenus
2448 2585 2890 2650 Sammonicus

639 2708 805 2792 apud
869 2708 1258 2773 Macrobium
1317 2709 1546 2774 diserte
1607 2708 1896 2788 affirmat,
1943 2711 2271 2795 plerasque
2319 2709 2487 2793 leges
2532 2700 2566 2773 a
2613 2708 2890 2777 tribunis

639 2838 754 2895 aut
813 2834 1201 2917 praetoribus
1246 2834 1417 2898 'latas
1480 2856 1630 2899 esse.
1697 2835 1939 2899 Deinde
2002 2832 2251 2899 Gellius
2296 2842 2515 2899 auctor
2562 2840 2655 2908 est
2705 2832 2891 2897 Luci-

641 2954 794 3018 lium
846 2955 1031 3040 hujus
1077 2956 1232 3041 legis
1280 2958 1664 3036 meminisse3
1714 2958 2023 3023 Eusebius
2068 2965 2280 3025 autem
2326 2959 2392 3022 in
2433 2957 2886 3039 Chronicorum

557 3116 566 3123 ·
635 3078 801 3142 -libro
877 3082 1212 3167 posteriore
1281 3082 1356 3145 ad
1418 3082 1667 3167 Olymp.
1741 3086 1861 3145 169
1926 3082 2027 3167 (ab
2078 3082 2230 3147 Urb.
2280 3083 2477 3167 651s2)
2528 3083 2890 3147 annotavit:

643 3201 776 3279 „C.
841 3202 1132 3269 Lucilius
1197 3207 1528 3270 satirarum
1583 3208 1846 3293 scriptor
1894 3206 2157 3293 Neapoli
2209 3208 2473 3270 moritur
2520 3229 2592 3271 ac
2642 3206 2893 3291 publico

644 3325 862 3391 funere
923 3329 1178 3393 effertur
1232 3352 1394 3393 anno
1445 3332 1666 3395 aetatis
1712 3354 1861 3395 suae
1908 3334 2066 3410 46;”
2114 3354 2309 3415 quum
2358 3340 2567 3396 autem
2617 3355 2741 3397 11011
2792 3333 2894 3412 sit,

645 3472 756 3513 cur
801 3451 1140 3515 Eusebium
1187 3455 1408 3518 erroris
1454 3477 1807 3539 arguamne,
1854 3458 2139 3541 sequitur
2172 3458 2300 3541 jam
2348 3457 2436 3520 sic
2484 3428 2666 3521 nullo
2708 3462 2891 3542 pacto

645 3574 773 3637 fieri
824 3576 1115 3658 potuisse,
1166 3584 1239 3641 ut
1287 3577 1544 3644 Crassus
1591 3581 1810 3645 consul
1860 3582 2016 3645 113110
2065 3582 2265 3665 legem
2314 3581 2576 3647 dederit.

738 3696 855 3784 Sed
903 3698 1083 3783 plura
1131 3702 1456 3765 accedunt.
1504 3702 1740 3768 Narrat
1790 3702 2078 3769 Valerius
2118 3706 2434 3769 Maximus
2460 3708 2510 3791 3)
2564 3708 2652 3770 M.
2700 3707 2893 3771 Anto·

651 3819 825 3883 nium
896 3828 958 3885 et
1027 3821 1097 3885 L.
1175 3824 1491 3905 Flaccum,
1555 3830 1665 3910 qui
1730 3851 1894 3892 anno
1961 3830 2201 3916 657197
2270 3854 2553 3896 censores
2610 3831 2892 3911 fuerunt,

719 4037 772 4099 1)
808 4035 1071 4089 Consulem
1121 4030 1273 4089 'fuisse
1324 4043 1569 4094 Fannium
1622 4063 1751 4095 anno
1806 4045 2022 4113 5931161
2076 4046 2416 4114 'praeterquam
2470 4068 2527 4101 ex
2581 4052 2738 4102 Plinii
2787 4052 2899 4103 1000

647 4124 768 4173 effici
807 4132 968 4189 potest
1002 4145 1057 4178 ex
1096 4130 1317 4180 Terentii
1355 4132 1590 4184 Eunucho
1630 4144 1680 4185 et
1716 4136 2031 4189 Phormione.

722 4214 776 4277 2)
815 4215 876 4263 H.
915 4216 974 4265 N.
1013 4218 1145 4268 VIII.
1185 4218 1263 4270 57.
1301 4219 1359 4269 de
1403 4222 1501 4272 Vir.
1538 4224 1702 4274 Illust.
1740 4226 1820 4277 72.
2224 4232 2277 4287 3)
2315 4230 2397 4280 IX.
2438 4234 2483 4281 9.
2525 4236 2568 4281 5.
