3350 5250
1503 559 1586 620 35

347 759 848 846 tinguebatur,
895 765 1050 850 quin
1099 765 1298 852 prima
1336 767 1598 852 juventa
1644 765 2039 833 consulatum
2086 771 2149 830 et
2190 766 2533 833 dictaturas
2572 767 2663 833 in·

346 888 584 952 irent”
619 889 712 972 1).
787 889 892 954 Ita
937 889 1049 955 Μ’.
1099 889 1328 956 Curius
1375 894 1689 957 Dentatus
1734 897 1796 958 et
1844 889 1913 956 O.
1961 887 2280 961 Fabricius
2326 889 2659 974 Luscinus,

348 1009 660 1078 obscuro
741 1015 880 1080 loco
942 1016 1096 1094 nati,
1147 1017 1226 1082 ad
1274 1016 1685 1102 amplissimos
1728 1024 2149 1104 pervenerunt
2194 1017 2476 1084 honores.
2526 1015 2653 1098 Qui

347 1144 626 1220 tamen,
711 1142 905 1206 semel
970 1141 1136 1207 inter
1202 1141 1440 1208 nobiles
1497 1142 1768 1221 admissi,
1832 1163 2015 1208 suum
2076 1143 2349 1230 ipsorum
2397 1164 2663 1208 commo·

351 1265 524 1329 dum
609 1267 716 1331 ad
777 1290 972 1333 unam
1028 1267 1374 1336 nobilitatis
1417 1269 1854 1334 auctoritatem
1903 1267 2269 1350 referebant,
2318 1291 2432 1336 nec
2495 1269 2673 1354 quid-

353 1413 580 1476 quam
673 1395 778 1460 illi
840 1395 1113 1460 alienum
1179 1395 1276 1462 vel
1337 1396 1454 1482 ipsi
1501 1395 1997 1478 committebant,-
2048 1396 2144 1462 vel
2188 1395 2267 1462 ab
2310 1395 2447 1462 aliis
2498 1417 2677 1462 com-

359 1520 678 1586 missum
731 1520 1154 1608 negligebant.

465 1649 688 1714 Haec
731 1657 942 1714 autem
993 1649 1272 1715 conditio
1320 1655 1396 1714 ut
1439 1649 1632 1714 firma·
1659 1655 1725 1715 et
1770 1647 2007 1714 stabilis
2047 1622 2292 1717 manere
2332 1656 2554 1736 posset,
2598 1650 2665 1716 in

367 1775 640 1858 primis
721 1783 858 1842 erat
925 1777 1294 1857 cavendum,
1357 1793 1438 1842 ne
1498 1776 1736 1862 singuli
1782 1775 2023 1843 nobiles
2069 1777 2287 1843 ceteris
2335 1775 2557 1864 opibus
2602 1783 2667 1842 et

377 1902 804 1968 auctoritate
861 1903 1256 1984 excellerent,
1321 1903 1422 1970 vel
1477 1910 1550 1967 ut
1597 1901 1991 1968 Mommsenii
2041 1902 2239 1969 verbis
2290 1910 2450 1985 utar,
2499 1904 2669 1983 „der

385 2025 694 2095 Senator
741 2029 858 2094 soll
905 2029 1077 2094 nicht
1125 2029 1394 2094 slechter
1440 2029 1570 2094 und
1621 2028 1799 2104 nicht
1840 2027 2067 2108 besser,
2106 2028 2459 2115 iiberhaupt
2492 2029 2668 2098 nicht

387 2151 652 2220 andere
685 2155 847 2220 ‘sein
911 2155 1000 2220 als
1061 2153 1164 2220 die
1224 2157 1522 2222 Senatore
1583 2152 1739 2233 alle3
1806 2177 1869 2220 es
1919 2154 2004 2220 ist
2048 2154 2229 2220 nicht
2272 2156 2495 2242 nothig
2540 2157 2673 2222 und

395 2279 608 2344 nicht
651 2279 1241 2360 wiinschenswerth,
1289 2279 1428 2344 dass
1471 2280 1568 2346 ein
1611 2280 1853 2365 Biirger
1888 2279 1989 2345 die
2028 2269 2289 2366 fibrigen
2337 2280 2675 2348 fibertrefl'e

403 2407 632 2472 weder
675 2407 879 2472 durch
919 2407 1316 2493 priinkendes
1342 2406 1763 2494 Silbergerath
1790 2408 1921 2473 und
1948 2407 2345 2474 Hellenische
2370 2407 2666 2496 Bildung,

401 2533 584 2598 noch
631 2531 827 2600 durch
881 2535 1250 2618 ungemeine
1297 2531 1604 2598 Weisbeit
1650 2532 1781 2598 und
1832 2531 2319 2600 Treffliehkeit.’'

507 2659 594 2725 Id
654 2667 865 2727 autem
929 2663 1166 2747 optimo
1227 2661 1460 2747 cuique
1524 2660 1826 2733 nobilium
1888 2660 2040 2727 adeo
2101 2668 2235 2726 erat
2279 2683 2665 2748 persuasum,

409 2791 495 2849 ut
561 2811 642 2855 ne
699 2788 1013 2873 privatum
1076 2788 1330 2873 quidem
1387 2789 1687 2853 damnum
1751 2810 1893 2852 cum
1951 2788 2224 2873 partium
2271 2808 2522 2853 suarum
2576 2788 2670 2853 in·

416 2913 754 2977 commodo
813 2912 1174 2997 effugerent.
1237 2911 1434 2998 Cujus
1479 2912 1567 2977 rei
1615 2910 1785 2977 haud
1837 2911 2227 2978 luculentius
2274 2931 2403 2977 esse
2449 2918 2665 2999 putem

419 3036 899 3116 documentum,
959 3060 1149 3122 quam
1218 3038 1384 3123 quod
1447 3036 1767 3104 Fabricius
1816 3037 2025 3103 decem
2074 3038 2231 3102 aeris
2276 3044 2339 3102 et
2386 3038 2667 3122 quinque

421 3162 637 3247 pondo
683 3163 928 3247 argenti
977 3168 1043 3227 et
1086 3162 1292 3227 decem
1341 3184 1544 3227 servos
1588 3186 1623 3227 a
1664 3161 2047 3228 Samnitibus
2088 3161 2206 3227 sibi
2245 3163 2456 3227 missos
2492 3164 2670 3229 remi-

426 3289 516 3353 sit
540 3291 624 3373 5’);
711 3290 880 3374 quod
949 3286 1225 3374 Pyrrhus
1292 3310 1453 3354 anno
1523 3289 1600 3354 47
1619 3288 1818 3377 5s279
1888 3310 1998 3374 per
2070 3288 2345 3375 legatum
2414 3286 2668 3353 Cineam

427 3414 664 3482 frustra
730 3412 1034 3479 nobilium
1101 3414 1337 3491 animos
1411 3412 1590 3479 donis
1631 3415 1921 3480 -tentavit
1944 3416 2012 3498 ⁸).
2079 3413 2175 3478 Ex
2239 3414 2451 3480 eodem
2499 3413 2673 3479 fonte

431 3546 794 3629 provenisse
841 3541 1090 3606 videtur
1131 3542 1298 3627 quod
1348 3540 1426 3622 Q.
1466 3540 1696 3607 Fabius
1734 3540 1997 3626 Gur-gea,
2041 3540 2125 3607 N.
2170 3540 2401 3605 Fabius
2440 3539 2672 3619 Pictor,

437 3668 518 3751 Q.
581 3668 918 3755 Ogulnius,
967 3668 1076 3753 qui
1137 3690 1300 3734 anno
1347 3666 1638 3755 481s273
1686 3667 1879 3753 legati
1922 3663 1999 3731 ad
2050 3665 2477 3731 Ptolemaeum
2527 3665 2670 3730 Phi·

435 3796 796 3881 ladelphum
849 3796 1018 3860 missi
1074 3802 1249 3860 erant
1272 3796 1340 3879 ⁴),
1392 3816 1668 3876 munera,
1720 3816 1878 3879 quae
1928 3791 2009 3858 ab
2060 3814 2131 3856 eo
2181 3792 2465 3877 privatim
2513 3814 2677 3857 acce-

437 3928 682 4009 perant,
726 3920 793 3986 in
837 3920 1142 3988 aerarium
1179 3918 1564 4001 detulerunt,
1602 3966 1641 3999 „
1663 3917 1902 3984 scilicet
1938 3918 2016 3983 de
2042 3916 2297 4004 publico
2323 3915 2667 3983 ministerio

509 4134 564 4201 1)
585 4136 729 4185 ‚Ama
765 4134 850 4185 xl.
885 4134 964 4185 22.
1365 4132 1418 4197 2)
1459 4130 1616 4182 Valet.
1653 4128 1785 4181 Max.
1820 4129 1915 4179 111.
1951 4131 2001 4179 4.
2039 4129 2085 4179 6.

510 4228 564 4293 3)
587 4228 712 4305 niv.
745 4225 971 4278 XXXIV.
1001 4228 1033 4274 4
1046 4246 1060 4287 ;
1095 4226 1228 4275 Plut.
1263 4224 1440 4291 Pyrrh.
1487 4224 1566 4274 18.

508 4321 564 4386 4)
603 4320 804 4386 Dionys.
841 4318 1002 4369 Halic.
1037 4318 1139 4367 XX.
1175 4322 1235 4378 4;
1270 4318 1388 4367 Zon.
1428 4316 1564 4366 VIII.
1602 4316 1659 4375 63
1698 4312 1857 4363 Valer.
1893 4310 2025 4362 Max.
2062 4310 2145 4361 IV.
2185 4311 2230 4359 3.
2266 4312 2314 4360 9.
