3350 5250
1713 628 1794 693 18

581 836 586 844 “
659 838 746 913 μὴ
815 839 1159 918 κοσμεῖσθαι
1226 837 1444 918 χρυσῷ,
1505 836 1650 916 μηδ’
1710 834 1909 901 ἀνθινὰ
1968 839 2183 918 φορεῖν,
2230 834 2375 914 μηδ’
2424 834 2674 909 ἐσθῆτας
2726 831 2888 914 ἔχειν

661 968 956 1047 πορφυρᾶς
1013 964 1271 1045 ἐχούσας
1332 962 1640 1046 παρυφάς,
1704 963 1805 1028 ἐὰν
1867 962 1953 1041 μή
2000 986 2088 1036 τις
2132 963 2325 1027 αὐτῶν
2368 968 2646 1042 συγχωρῇ
2694 956 2889 1041 ἑταίρα

669 1084 806 1155 εἶναι
858 1090 1052 1164 κοινή”
1082 1089 1150 1176 ¹).
2952 1066 2955 1069 ⁴

749 1214 887 1280 Etsi
931 1237 1073 1281 vero
1122 1220 1364 1281 constat
1408 1214 1677 1279 Romulo
1724 1213 1896 1280 cordi
1944 1212 2151 1295 fuisse,
2196 1218 2269 1277 ut
2303 1212 2465 1293 illos,
2509 1234 2697 1299 penes
2738 1232 2892 1295 quos

663 1364 904 1409 summa
970 1342 1212 1428 imperii
1281 1348 1432 1423 erat,
1495 1341 1664 1405 omni
1725 1340 1961 1405 ratione
2029 1340 2106 1405 ad
2169 1340 2463 1405 virtutem
2510 1338 2892 1417 informaret,

663 1468 891 1553 injuria
953 1472 1159 1531 tamen
1225 1466 1500 1531 Boxman
1563 1466 1980 1553 sumptuarias
2044 1487 2183 1530 eum
2249 1465 2416 1550 leges
2459 1462 2729 1530 saniisse
2776 1468 2896 1527 sta·

663 1593 811 1658 tuit.
872 1592 1123 1659 Etenim
1181 1593 1404 1672 „sicut
1465 1599 1610 1657 ante
1650 1591 1917 1658 'morbos
1974 1596 2219 1657 necesse
2264 1598 2357 1656 est
2418 1578 2697 1676 cognitos
2742 1612 2893 1667 esse,

663 1741 850 1803 quam
913 1719 1182 1784 remedia
1246 1742 1480 1800 eorum,
1541 1719 1630 1785 sic
1698 1719 2019 1805 cupidates
2066 1718 2237 1804 prius
2286 1724 2467 1783 natae
2512 1724 2663 1783 sunt
2708 1736 2891 1800 quam

663 1844 851 1929 leges,
919 1840 1078 1928 quae
1147 1844 1223 1909 iis
1291 1844 1542 1909 modum
1603 1844 1918 1909 facerent’'
1943 1847 2038 1935 Β),
2077 1842 2460 1909 Luxuriosus
2520 1850 2729 1908 autem
2767 1841 2895 1927 jam
2965 1814 2983 1819 ἐ

665 1977 818 2038 tunc
887 1946 1306 2037 Romanorum
1373 1970 1562 2036 fuisse
1634 1993 1834 2035 mores
1900 1970 2230 2035 verisimile
2290 1990 2414 2035 non
2478 1974 2595 2049 est,
2642 1966 2889 2033 etiamsi

669 2096 786 2161 hoc
832 2095 1296 2161 concedendum
1343 2095 1608 2182 videtur,
1651 2096 1989 2162 nonnullos
2035 2094 2273 2161 nobiles
2303 2096 2431 2182 jam
2469 2094 2692 2181 opibus
2738 2114 2892 2177 quo·

665 2220 991 2287 dammodo
1039 2222 1203 2287 inter
1251 2228 1486 2287 ceteros
1531 2222 1694 2287 cives
1738 2222 2086 2299 eminuisse,
2132 2242 2291 2307 quae
2340 2242 2484 2307 opes
2526 2220 2591 2284 in
2629 2218 2793 2305 agris
2832 2225 2897 2283 et

646 2360 896 2433 'pecore
940 2346 1177 2433 positae
1219 2346 1406 2411 fuisse
1451 2348 1765 2435 putandae
1810 2354 1978 2414 sunt.
2028 2346 2308 2413 Luxuria
2352 2332 2562 2412 autem
2605 2322 2726 2411 nisi
2750 2364 2892 2409 cum

669 2478 1016 2539 mercatura
1094 2472 1221 2538 fere
1289 2474 1467 2540 nulla
1537 2498 1665 2541 esse
1738 2472 1895 2539 solet
1960 2474 2026 2540 in
2092 2496 2166 2540 eo
2235 2474 2595 2561 praesertim
2666 2468 2898 2559 populo

668 2600 778 2666 ubi
845 2598 1104 2667 artificia
1171 2600 1448 2666 nondum
1521 2621 1773 2687 magnos
1831 2600 2103 2668 fecerant
2161 2622 2539 2689 progressus.
2588 2596 2899 2666 Commer-

667 2727 833 2792 cium
881 2727 1044 2793 enim
1092 2727 1302 2812 paullo
1349 2724 1652 2794 celebrius
1690 2729 1824 2792 sine
1865 2727 2157 2794 mercium
2198 2726 2662 2817 permutatique
2686 2730 2894 2790 extare
2986 2785 2990 2788 s

667 2853 847 2918 nullo
907 2853 1089 2918 modo
1148 2859 1372 2939 potest.
1433 2855 1670 2918 Romae
1730 2861 1935 2920 autem
1982 2854 2221 2919 alienae
2270 2875 2501 2924 merces
2548 2849 2892 2940 pecudibus

599 2951 605 2959 ι
667 2979 1102 3044 tantummodo
1148 2981 1531 3064 compensari
1567 2985 1915 3066 potuerunt
1954 3000 2149 3064 usque
2186 2979 2262 3043 ad
2288 2978 2484 3044 Servii
2509 2976 2708 3042 Tullii
2731 2984 2894 3042 aeta·

668 3109 816 3183 tem,
875 3125 1002 3188 quo
1063 3110 1362 3189 regnante
1422 3104 1670 3169 demum
1720 3104 2033 3190 signatum
2078 3128 2179 3172 aes
2222 3101 2651 3170 introductum
2702 3111 2797 3168 est
2820 3104 2897 3190 ⁸).

669 3229 841 3298 Huic
902 3230 1199 3318 pecuniae
1261 3230 1445 3318 plane
1504 3253 1781 3317 congrua
1841 3236 2030 3316 atque
2091 3231 2452 3298 commercio
2516 3253 2641 3297 non
2692 3231 2895 3296 minus

672 3358 928 3422 molesta
965 3364 1100 3424 erat
1138 3356 1381 3422 emendi
1420 3356 1848 3443 vendendique
1870 3356 2040 3422 ratio
2062 3358 2209 3424 satis
2232 3358 2638 3438 incommoda,
2664 3357 2897 3444 quippe

671 3507 830 3569 quae
898 3507 1005 3571 per
1069 3484 1580 3570 mancipationem
1642 3490 1912 3564 tantum,
1974 3483 2039 3548 id
2082 3492 2177 3550 est
2204 3507 2331 3572 ‚per
2371 3483 2772 3551 traditionem
2826 3482 2902 3546 de

673 3633 860 3675 manu
905 3610 971 3676 in
1022 3633 1272 3676 manum
1318 3610 1530 3696 perfici
1571 3617 1799 3697 posset.
1847 3613 2069 3695 Itaque
2113 3610 2297 3676 etiam
2330 3590 2547 3678 *multo
2594 3615 2734 3697 post
2780 3607 2898 3674 Ro·

674 3759 837 3802 mae‘
867 3736 1111 3802 eosdem
1172 3731 1450 3802 homines
1509 3738 1806 3822 agricolas
1850 3743 2039 3822 atque
2086 3745 2453 3803 mercatores
2496 3737 2685 3803 fuisse
2732 3735 2895 3826 vide-

676 3884 848 3943 mus;
895 3861 1062 3928 unde
1107 3869 1328 3948 sponte
1373 3863 1675 3947 sequitur,
1724 3862 1780 3928 si
1822 3848 1977 3948 quid
2021 3863 2219 3946 video,
2262 3869 2668 3929 mercaturam
2710 3863 2787 3928 ad
2827 3885 2899 3928 ea

672 3993 920 4053 tantum
968 3988 1341 4072 acquirenda
1385 3989 1776 4074 pertinuisse,
1810 3988 2041 4073 quibus
2080 3989 2497 4076 agriculturae
2520 4011 2678 4077 opus
2710 3994 2893 4055 esset.

742 4299 793 4365 1)
830 4299 944 4350 XII.
979 4297 1063 4352 20.
1593 4301 1647 4362 2)
1683 4299 1807 4351 Cato
1840 4300 1971 4365 apud
2003 4301 2110 4353 Liv.
2148 4300 2369 4352 XXXIV.
2408 4303 2456 4352 4.

744 4393 798 4458 8)
833 4391 910 4443 cf.
944 4393 1237 4453 Mommsen,
1271 4393 1443 4445 Gesch.
1479 4393 1563 4445 des
1593 4393 1735 4447 Ram.
1770 4395 2081 4445 Miinzwesen
2117 4411 2227 4461 pag.
2263 4392 2541 4447 los—176.
