3350 5250
1755 593 1837 654 42

671 807 847 866 rato
905 801 1132 866 esse'’
1175 801 1247 887 ¹).
1312 799 1479 865 Huic
1541 800 1748 866 Blaesi
1810 799 2075 866 orationi
2126 797 2425 886 perigrini
2469 795 2587 862 viri
2632 796 2915 862 testimo·

667 927 845 993 nium
913 928 1068 995 mire
1125 927 1433 1012 congruit.
1497 923 1697 992 Nabis
1758 927 1944 1007 enim,
2006 923 2637 990 Lacedaemoniorum
2701 929 2912 1009 tyran-

669 1074 810 1133 nus,
891 1076 928 1118 a
1001 1051 1076 1120 Τ.
1143 1051 1462 1134 Quinctio,
1531 1052 1701 1137 quod
1770 1071 1975 1118 servos
2012 1051 2117 1116 ‘ad
2185 1049 2537 1116 libertatem
2610 1056 2913 1130 vocasset,

665 1177 1036 1266 inopemque
1079 1177 1322 1265 plebem
1365 1178 1432 1244 in
1477 1199 1656 1262 agros
1699 1176 2079 1255 deduxisset,
2132 1183 2479 1256 accusatus,
2520 1175 2684 1240 inter
2706 1182 2917 1239 cetera

681 1303 1094 1369 excusationis
1138 1310 1507 1389 argumenta
1554 1303 1742 1368 etiam
1788 1303 1939 1368 haec
1984 1301 2238 1368 attulit:
2287 1300 2512 1381 „Nihil
2551 1320 2917 1387 comparare

671 1427 917 1513 singula
979 1449 1226 1493 necesse
1289 1436 1405 1494 est.
1470 1430 1629 1493 Vos
1689 1451 1725 1492 a
1784 1449 2031 1492 censu
2098 1425 2495 1511 equitem,
2555 1449 2592 1491 a
2651 1446 2913 1491 censu

673 1552 1031 1639 peditem
1082 1553 1409 1640 legitis,
1459 1551 1538 1618 'et
1580 1575 1887 1640 paucos
1926 1551 2341 1620 excellere
2382 1551 2709 1640 opibuS,
2749 1554 2921 1638 ple·

673 1677 840 1744 bem
903 1678 1363 1765 subjectam
1423 1701 1598 1744 esse
1641 1679 1949 1758 vultis3
1999 1685 2207 1744 noster
2253 1679 2625 1766 legumlator
2668 1679 2916 1766 cet''’).

763 1803 932 1870 Huic
1005 1804 1355 1871 nobilitatis
1431 1805 1861 1891 depravationi
1930 1811 2119 1889 atque
2172 1805 2563 1891 corruptelae
2632 1805 2918 1872 multum

681 1929 918 2018 profuit
959 1911 1328 1995 acerrimum
1375 1937 1761 1996 mercaturae
1804 1929 2111 2012 studium,
2148 1930 2317 2016 quod
2357 1939 2499 2018 post
2521 1929 2754 1996 bellum
2780 1929 2917 1996 Pu-

679 2054 888 2120 nicum
935 2052 1276 2121 secundum
1323 2057 1560 2120 Romae
1605 2054 1947 2120 exstiterat.
1988 2055 2185 2120 Erant
2216 2055 2342 2140 jam
2380 2055 2546 2120 inter
2580 2056 2919 2142 optimates

685 2179 816 2264 qui,
863 2180 1084 2264 prioris
1128 2179 1548 2246 continentiae
1591 2178 1773 2266 plane
1814 2179 2013 2261 obliti,
2050 2179 2209 2246 nihil
2246 2180 2419 2246 aliud
2444 2188 2756 2260 curarent,
2781 2181 2916 2247 nisi

677 2305 848 2391 quod
907 2305 986 2370 ad
1047 2306 1294 2372 lucrum
1351 2305 1627 2372 conferre
1687 2307 2023 2374 videretur.
2086 2306 2207 2374 Bes
2266 2307 2511 2392 longior
2558 2315 2673 2388 est,
2714 2321 2911 2392 quam·

675 2437 748 2496 nt
793 2453 924 2496 cam
972 2430 1090 2496 hoc
1132 2431 1268 2497 loco
1311 2431 1554 2518 copiose
1601 2453 1986 2518 exponamus
2008 2435 2097 2518 ⁸);
2138 2432 2243 2498 sed
2283 2452 2406 2497 non
2448 2455 2483 2496 a
2509 2409 2769 2497 veritate
2793 2449 2913 2498 nos

673 2555 1002 2621 abhorrere
1061 2557 1209 2622 satis
1269 2557 1543 2622 declarat
1602 2558 1706 2622 lex
1767 2556 2045 2637 Claudia,
2106 2580 2230 2643 qua
2292 2563 2547 2622 cautum
2610 2563 2742 2623 erat
2786 2579 2915 2636 „ne

675 2683 816 2767 quis
873 2691 1140 2765 senator,
1204 2687 1386 2751 cuive
1447 2692 1694 2751 senator
1739 2692 1915 2772 pater
1960 2684 2200 2765 fuisset,
2252 2685 2619 2751 maritimam
2670 2706 2912 2765 navem,

674 2830 833 2895 quae
891 2809 1035 2895 plus
1095 2828 1279 2894 quam
1327 2815 1743 2877 trecentarum
1790 2810 2229 2897 amphorarum
2276 2817 2457 2891 esset,
2504 2808 2799 2875 haberet''
2828 2810 2908 2896 ⁴).

739 3144 792 3209 1)
830 3142 938 3194 Liv.
973 3144 1144 3194 XXVI.
1181 3145 1227 3195 2.
1266 3145 1344 3194 14.
1745 3146 1798 3212 2)
1839 3146 1948 3196 Liv.
1985 3146 2202 3199 XXXIV.
2241 3148 2319 3197 81.
2361 3145 2439 3199 17.

737 3237 790 3297 3)
830 3234 950 3285 Vide
986 3236 1261 3285 Mommsen
1297 3236 1356 3289 R.
1391 3234 1448 3288 G.
1485 3238 1522 3287 1.
1560 3254 1666 3303 pag.
1709 3238 1989 3288 845—853.

737 3329 796 3394 4)
815 3328 941 3379 ·1.iv.
987 3328 1115 3378 XXI.
1162 3328 1244 3378 68.
1291 3328 1606 3387 „Flaminius
1661 3329 1829 3379 ffihrte
1865 3329 2078 3380 dodun-cli
2115 3329 2255 3379 nicht
2290 3334 2437 3379 etwas
2473 3328 2633 3380 Neues
2669 3332 2767 3395 ein,
2805 3348 2916 3382 son·

674 3419 792 3470 dern
825 3435 878 3469 er
911 3419 1026 3481 liess
1060 3407 1153 3469 nur
1187 3418 1340 3469 durch
1380 3420 1783 3472 Volksbeschluss
1819 3421 1961 3471 einen
1996 3413 2269 3471 Grundsatz
2308 3424 2653 3482 sanctioniren,
2690 3423 2775 3475 der
2805 3423 2915 3473 sich

677 3512 754 3561 bis
804 3512 892 3561 auf
939 3509 1018 3559 die
1067 3511 1234 3560 Zeiten
1286 3510 1370 3560 des
1423 3511 1510 3562 Μ’.
1555 3511 1731 3562 Curius
1784 3512 1884 3561 und
1918 3511 1972 3563 C.
2008 3512 2266 3563 Fabricius
2301 3528 2399 3563 von
2435 3514 2588 3563 selbst
2622 3515 2912 3565 verstanden

676 3604 826 3664 habe;
863 3602 956 3653 den
993 3602 1282 3663 (hundeum,
1319 3603 1429 3653 dass
1464 3620 1557 3654 nur
1591 3603 1676 3654 der
1715 3604 1972 3654 Ackerbau
1988 3604 2244 3655 ehrenvoll
2265 3604 2345 3655 fiir
2361 3604 2453 3654 den
2469 3605 2661 3669 RBmer,
2681 3606 2780 3656 alle
2799 3592 2917 3672 Spe

673 3696 894 3747 culatiou
929 3695 1045 3746 aber
1077 3696 1157 3745 fiir
1191 3694 1280 3745 ihn
1311 3696 1648 3764 unnnstandig,
1677 3696 1801 3745 sei.”
1836 3696 1917 3745 Sic
1954 3696 2121 3761 Lange
2148 3696 2207 3746 R.
2226 3699 2286 3746 A.
2304 3698 2355 3747 11
2375 3712 2483 3763 pag.
2508 3699 2598 3748 151
2621 3705 2671 3749 ct
2690 3700 2911 3751 Boxman

674 3788 709 3840 1.
743 3788 778 3839 l.
826 3803 934 3853 pag.
983 3788 1064 3847 20,
1109 3803 1316 3853 quorum
1359 3794 1525 3838 tamen
1567 3788 1822 3837 sententia·
1846 3788 1888 3838 si
1924 3804 2035 3837 vera
2072 3793 2213 3848 esset,
2249 3789 2310 3838 ab
2344 3789 2452 3855 ipsa
2486 3789 2748 3841 nobilitate
2780 3791 2911 3841 haue

673 3881 834 3945 legem
880 3880 1150 3945 profectam
1192 3896 1295 3929 esse
1342 3880 1579 3946 oportuit.
1629 3880 1722 3930 Sed
1758 3898 1787 3929 a
1820 3887 1926 3930 tota
1961 3881 2199 3931 Flaminii
2235 3882 2339 3930 vita
2370 3882 2536 3932 aliena
2571 3888 2645 3933 est
2680 3883 2910 3949 suspicio,

612 4024 616 4028 ,
675 3973 836 4033 illum,
869 3988 1018 4037 quum
1053 3979 1224 4021 auctor
1257 3978 1382 4023 esset
1412 3972 1616 4023 Claudio
1651 3972 1798 4037 hujus·
1831 3972 1956 4037 legis
1994 3972 2391 4039 promulgandae,
2408 3973 2456 4024 id
2490 3975 2584 4025 sibi
2602 3976 2907 4041 propositum

674 4068 917 4127 habuisse,
959 4072 1014 4117 ut
1048 4066 1294 4117 nobilium
1332 4080 1489 4117 mores
1523 4066 1809 4131 corrigendo
1848 4072 2140 4132 potestatem
2180 4074 2325 4131 atque
2360 4068 2706 4119 auctoritatem
2740 4080 2909 4119 eorum

677 4164 891 4225 augeret.
926 4157 1108 4209 Melius
1142 4158 1309 4224 igitur,
1346 4160 1396 4209 ni
1433 4159 1598 4219 fallor,
1637 4160 1914 4210 Mommsen
1948 4158 1982 4209 l.
2023 4158 2059 4209 l.
2096 4175 2202 4225 pag.
2239 4159 2365 4209 849:
2404 4162 2581 4220 „Zwar
2614 4161 2743 4211 ward
2777 4161 2909 4211 diese

678 4252 1018 4315 Bestimmuug
1062 4250 1200 4300 nicht
1245 4266 1340 4301 von
1383 4250 1477 4301 den
1523 4252 1791 4301 Senatoren
1826 4250 2224 4316 hervorgerufen‚
2259 4252 2469 4303 sondern
2508 4269 2605 4303 war
2641 4254 2723 4303 ein
2757 4254 2908 4303 Werk

681 4346 764 4396 der
810 4342 1222 4395 democratischen
1268 4342 1578 4410 opposition,
1627 4344 1809 4394 welche
1852 4344 2011 4394 demit
2042 4344 2277 4395 tundebat
2311 4342 2444 4395 wohl
2478 4360 2573 4395 nur
2607 4345 2700 4396 den
2735 4344 2913 4395 Uebel-
