3350 5250
1513 603 1594 669 65

417 816 482 875 et
527 816 736 903 tamen
781 812 982 895 pretia
1024 809 1150 875 illis
1197 810 1437 875 niinora
1483 812 1834 877 constituit.
1886 812 2109 877 Ausim
2158 812 2361 879 dicere
2412 820 2488 879 ut
2523 813 2674 880 'vili-

423 942 519 999 tas
564 936 845 1001 edulium
891 937 1128 1001 animos
1175 922 1510 1000 hominum*
1546 936 1624 1000 ad
1671 937 1974 1023 parandas
2024 937 2413 1005 obsoniorum
2464 940 2674 1026 copias

423 1060 730 1141 incitaret,
794 1067 869 1125 ut
929 1061 1113 1147 gulae
1175 1062 1402 1125 servire
1465 1062 1653 1126 etiam
1704 1063 1815 1145 qui
1862 1063 2065 1148 parvis
2114 1070 2319 1128 essent
2364 1056 2675 1131 facultati·

428 1186 543 1251 bus
589 1188 902 1271 possent.'’

493 1310 627 1371 Quid
658 1312 787 1362 haec
819 1312 883 1388 ad
915 1316 1157 1375 sumptus
1191 1311 1501 1362 minuendos
1533 1312 1737 1377 faciant,
1772 1314 2013 1381 equidem
2049 1313 2227 1363 nullus
2262 1314 2423 1365 video.

491 1414 762 1465 Praeterea
809 1415 1125 1467 tralaticium
1171 1420 1325 1478 caput
1369 1414 1447 1465 lex
1495 1416 1814 1467 continuisse
1861 1402 2079 1481 videtur,
2128 1432 2232 1481 quo
2282 1418 2678 1481 permittebatur

427 1532 556 1569 usus
605 1504 788 1569 eorum
840 1534 972 1583 quae
1015 1534 1077 1569 ex
1127 1524 1280 1583 terra,
1328 1520 1432 1569 vite
1478 1519 1558 1568 vel
1592 1520 1773 1570 arbore
1806 1494 2189 1569 nascebantur(
2205 1520 2340 1570 Audi
2376 1520 2675 1571 Ciceronem

428 1622 519 1686 qui
554 1622 713 1687 Epist.
749 1624 812 1671 ad
845 1623 966 1671 fam.
1000 1622 1113 1671 VII.
1147 1620 1229 1672 26.
1265 1624 1313 1671 ⁶2.
1349 1636 1568 1673 narrans
1603 1622 1763 1685 Gallo,
1798 1638 1851 1673 se
1882 1623 2143 1673 decimum
2166 1623 2279 1687 jam
2296 1625 2433 1675 diem
2450 1624 2674 1689 graviter

426 1740 490 1774 ex
539 1725 798 1774 intestinis
847 1725 1092 1789 laborare,
1141 1702 1446 1792 „attamen”
1495 1726 1668 1789 inquit
1718 1740 1828 1793 „ne
1881 1726 2085 1790 mirere,
2120 1727 2259 1777 unde
2292 1727 2391 1777 hoc
2424 1728 2677 1792 acciderit,
2753 1790 2757 1795 .

429 1828 746 1891 quomodove
794 1828 1167 1877 commiserim:
1224 1827 1304 1877 lex
1350 1828 1691 1893 sumptuaria,
1740 1840 1873 1892 quae
1908 1829 2111 1879 videtur
2146 1832 2387 1887 λιτότητα
2422 1830 2675 1893 attulisse,

429 1946 490 1981 ea
522 1932 654 1981 mihi
687 1932 855 1981 fraudi
890 1932 1006 1981 fuit.
1042 1932 1178 1980 Nam
1213 1932 1342 1981 dum
1375 1932 1560 1981 volunt
1593 1932 1679 1982 isti
1707 1933 1850 1982 lauta
1880 1936 2019 1983 terra
2036 1938 2173 1992 nata,
2193 1949 2326 1997 quae
2342 1934 2451 1999 lege
2469 1939 2677 1998 excepta

429 2040 570 2099 sunt,
605 2036 662 2085 in
695 2037 945 2086 honorem
979 2007 1228 2087 adducere
1260 2037 1445 2101 fungos
1477 2037 1663 2087 herbos
1698 2051 1879 2086 omnes
1908 2037 1981 2087 ita
2009 2038 2272 2097 condiunt,
2290 2042 2352 2087 ut
2368 2038 2502 2087 nihil
2519 2038 2683 2101 possit

370 2125 374 2129 ¹
432 2154 542 2190 esse
588 2140 816 2190 suavius.
849 2140 911 2189 In
943 2155 1028 2190 eos
1063 2155 1232 2204 quum
1268 2140 1561 2190 incidissem
1595 2140 1651 2189 in
1688 2156 1843 2191 coena
1878 2140 2169 2206 inaugurali
2204 2142 2341 2204 apud
2378 2140 2677 2202 Lentulum,

431 2248 578 2293 tanta
621 2258 706 2294 me
758 2242 958 2304 διάρροιαι
1009 2244 1244 2308 arripuit,
1291 2248 1353 2293 ut
1399 2244 1549 2294 hodie
1584 2244 1817 2308 primum
1853 2244 2090 2294 videatur
2127 2245 2426 2295 consistere.
2461 2245 2540 2294 Ita
2576 2260 2685 2311 eg0,

433 2348 524 2410 qui
573 2360 660 2397 me
697 2347 884 2397 ostreis
934 2351 987 2396 et
1029 2347 1295 2397 muraenis
1329 2347 1474 2397 facile
1509 2347 1831 2397 abstinebam
1868 2362 1899 2397 a
1933 2348 2050 2397 beta
2076 2352 2138 2397 ‘et
2170 2363 2201 2397 a
2237 2347 2407 2397 malva
2442 2348 2683 2411 deceptus

433 2447 601 2499 sum.’'
655 2447 792 2497 Nam
842 2448 1154 2512 Ciceronem,
1207 2463 1376 2513 quum
1424 2450 1550 2499 haec
1593 2450 1837 2500 scriberet
1872 2450 1935 2499 de
1968 2450 2218 2514 Cornelia,
2254 2464 2359 2500 non
2393 2450 2456 2499 de
2492 2448 2687 2499 Licinia

433 2552 540 2617 lege
573 2554 818 2617 cogitasse
850 2567 942 2616 pro
975 2557 1114 2603 certo
1147 2552 1410 2604 affirmare
1444 2554 1615 2603 ausim
1648 2554 1807 2603 etiam
1842 2555 1939 2604 hoc
1972 2559 2279 2619 arg-umento
2312 2556 2515 2619 ductus,
2550 2554 2688 2617 quod

433 2661 652 2707 testatur
701 2657 898 2708 Gellius
955 2658 1066 2707 ideo
1113 2657 1313 2708 Sullam
1357 2657 1522 2723 legem
1570 2659 1954 2722 sumptuariam
1988 2659 2189 2724 tulisse,
2222 2660 2359 2723 quod
2399 2660 2688 2723 superiores

434 2760 539 2810 situ
573 2766 730 2826 atque
765 2759 906 2811 s'enio
931 2765 1102 2811 essent
1135 2737 1446 2811 obliteratae.

501 2862 702 2914 Sullam
753 2864 912 2914 etiam
966 2864 1133 2928 legem
1181 2863 1380 2913 dedisse
1424 2878 1530 2927 qua
1563 2864 1812 2913 funerum
1847 2868 2090 2928 sumptus
2124 2864 2507 2927 minuerentur,
2544 2867 2683 2928 patet

435 2982 498 3018 ex
532 2967 668 3018 Plut.
703 2967 846 3018 Sulla
877 2982 988 3033 pag.
1025 2965 1140 3016 474.
2622 2958 2626 2962 ’

503 3069 679 3130 Quum
714 3085 864 3134 porro
898 3085 962 3121 ex
995 3070 1050 3120 L.
1085 3068 1118 3119 3
1155 3051 1214 3120 l).
1249 3071 1312 3120 de
1347 3070 1672 3121 Aleatoribus
1702 3076 1943 3136 appareat
1976 3070 2211 3120 Cornelia
2245 3070 2355 3136 lege
2388 3070 2546 3120 fuisse
2562 3083 2681 3134 pro-

413 3175 679 3239 -hibitum,
725 3191 792 3226 ne
836 3176 954 3240 quis
995 3176 1050 3224 in
1085 3142 1374 3239 pecuniam*
1392 3175 1608 3240 luderet,
1643 3176 2034 3239 sponsionemve
2068 3175 2124 3252 in
2160 3175 2281 3225 ludo
2316 3175 2435 3225 nisi„
2452 3175 2543 3240 qui
2578 3174 2685 3222 vir-

433 3278 562 3327 tutis
609 3292 762 3329 causa
811 3283 1078 3349 susceptus
1129 3283 1277 3342 esset,
1328 3278 1531 3342 faceret,
1577 3279 1731 3342 cujus
1778 3278 1903 3344 legis
1956 3279 2114 3328 etiam
2169 3277 2488 3328 mentionem
2523 3277 2689 3334 facere
2738 3262 2743 3266 ⁵

435 3353 639 3431 videtur
671 3381 845 3432 Cicero
879 3381 1012 3432 Phil.
1047 3381 1112 3431 II.
1141 3378 1223 3445 23,
1255 3395 1426 3446 neque
1454 3381 1675 3431 absurda
1695 3395 1867 3445 neque
1882 3381 2156 3431 temeraria
2172 3381 2375 3453 videtur
2396 3379 2684 3430 Boxmanni

437 3485 672 3550 suspicio,
725 3490 890 3536 totam
941 3485 1213 3536 materiam
1262 3501 1424 3550 quam
1477 3499 1572 3535 nos
1626 3521 1653 3552 „
1668 3484 1874 3548 politie”
1908 3499 2165 3546 vocamuS,
2201 3500 2308 3537 una
2342 3485 2452 3549 lege
2484 3482 2685 3534 Sullam

439 3589 712 3654 ordinasse,
747 3605 968 3656 eamque
1004 3606 1068 3642 ex
1104 3590 1340 3655 pluribus
1377 3589 1629 3653 capitibus
1661 3589 1820 3640 fuisse
1850 3589 2199 3654 compositam.

535 4081 866 4169 Super-iore
911 4086 1112 4170 capite
1161 4084 1559 4170 optimatium
1608 4106 1809 4148 mores
1848 4079 2069 4148 inde'a
2110 4082 2222 4148 M’.
2263 4081 2438 4149 Curii
2487 4102 2688 4168 usque

441 4210 525 4275 ad
587 4209 841 4275 Catonis
898 4216 1165 4276 aetatem
1228 4210 1440 4297 paullo
1502 4209 1879 4296 diligentius
1940 4209 2448 4291 examinavimus,
2517 4209 2687 4276 unde

444 4342 627 4400 natae
688 4343 834 4400 sunt
893 4337 1241 4422 complures
1299 4357 1532 4426 eaeque
1585 4335 1854 4400 subinde
1904 4335 2695 4422 longiores-digressionem

2469 4466 2497 4511 5
