3350 5250
1696 560 1775 642 40

625 770 762 836 Nec
823 771 1412 858 praetermittendus
1473 777 1568 836 est
1629 770 1722 837 M.
1776 769 1996 835 Livius
2052 768 2383 848 Salinator,
2430 769 2567 852 qni,
2616 765 2863 853 populo

627 898 824 965 iratus
870 896 970 990 ob·
993 896 1475 976 damnationem,
1517 918 1707 982 qnam
1749 897 1950 983 priore
1972 895 2304 962 consulatu
2332 893 2629 973 subierat,
2654 913 2869 978 quum

624 1044 788 1088 anno
850 1013 1412 1108 54⁴7s207'iterum
1460 1022 1675 1088 consul
1724 1029 2038 1087 crearetur
2084 1027 2150 1086 et
2196 1020 2487 1084 adversus
2533 1016 2867 1082 Hanniba·

625 1147 748 1212 lem
814 1147 1154 1212 exercitum
1214 1148 1522 1213 ducturus
1567 1156 1746 1229 esset,
1794 1149 2055 1233 primam
2101 1144 2425 1233 pugnandi
2470 1145 2863 1214 occasionem

629 1296 692 1338 se
761 1295 886 1338 non
956 1274 1326 1338 omissurum
1397 1273 1576 1352 dixit,
1639 1273 1883 1339 etiamsi
1950 1279 2095 1338 ante
2154 1270 2361 1336 oblata
2422 1277 2604 1351 esset,
2666 1291 2867 1354 qnam

630 1398 898 1464 hostium
961 1399 1120 1463 vires
1163 1398 1582 1483 animumque
1645 1405 1987 1496 cognosset,
2048 1399 2239 1483 idque
2302 1419 2374 1464 eo
2420 1396 2675 1464 consilio
2719 1445 2760 1474 ,‚
2780 1402 2873 1460 nt

631 1547 814 1609 qnam
865 1524 1184 1590 celerrime
1227 1525 1486 1610 gloriam
1535 1547 1610 1591 ex
1662 1525 1947 1590 hostibus
1990 1532 2104 1590 aut
2146 1547 2223 1590 ex
2262 1524 2501 1590 civibus
2539 1524 2877 1610 prostratis

632 1650 928 1737 gaudium
978 1653 1265 1737 caperet’'
1294 1653 1366 1736 1).
1413 1651 1590 1716 ldem
1631 1659 1843 1738 postea
1878 1675 2095 1718 censor
2141 1659 2405 1730 creatus,
2429 1649 2728 1716 XXXIV
2751 1651 2877 1715 tri·

633 1776 750 1842 bus
812 1779 978 1842 inter
1023 1778 1286 1878 aerarios
1331 1779 1598 1860 rettulit,
1647 1779 1812 1864 quod
1862 1781 2033 1866 prius
2076 1802 2141 1844 se
2186 1779 2607 1858 damnassent,
2650 1783 2879 1863 postea

638 1904 952 1970 consulem
1001 1912 1066 1969 et
1111 1927 1422 1971 censorem
1467 1905 1761 1972 fecissent
1782 1905 1857 1990 ²).

727 2033 995 2112 Interea,
1043 2053 1167 2116 quo
1231 2032 1428 2117 magis
1487 2055 1524 2095 a
1567 2032 1835 2117 pristina
1874 2031 2287 2116 temperantia
2332 2037 2399 2095 et
2450 2029 2879 2095 moderatione

642 2156 1012 2222 recedebant
1055 2155 1317 2237 nobiles,
1355 2180 1428 2222 eo
1476 2157 1669 2242 magis
1714 2157 2079 2222 imminebat
2122 2157 2293 2222 aliud
2342 2155 2711 2242 periculum.
2758 2177 2879 2220 no·

637 2282 857 2348 bilium
926 2282 1330 2348 dominationi
1399 2284 1679 2349 omnium
1748 2283 2012 2348 maxime
2078 2283 2396 2349 infestum.
2458 2283 2704 2346 Etenim
2774 2289 2881 2346 est

637 2409 705 2475 in
766 2430 972 2473 rerum
1025 2416 1252 2472 natura
1299 2409 1588 2494 positum,
1636 2409 1701 2474 in
1748 2408 2019 2485 civitate,
2065 2430 2225 2492 quae
2272 2408 2667 2494 optimatium
2711 2406 2875 2472 arbi-

642 2536 763 2601 trio
811 2542 1084 2620 regatur,
1129 2535 1241 2600 hos
1286 2535 1448 2599 solos
1488 2534 1713 2621 opibus
1750 2543 1814 2600 et
1850 2535 2090 2600 divitiis
2130 2535 2371 2615 valere3
2409 2535 2603 2620 idque
2638 2533 2879 2600 Romae

641 2684 719 2727 ne
786 2661 1052 2727 Fabricii
1120 2661 1368 2747 quidem
1437 2669 1641 2727 aetate
1703 2661 1887 2727 aliter
1942 2685 2009 2726 se
2054 2660 2341 2727 habuisse
2364 2664 2413 2745 ³)
2457 2662 2609 2726 satis
2652 2660 2879 2727 multis

642 2786 886 2855 indiciis
951 2794 1215 2853 constat.
1287 2787 1466 2868 Quae
1527 2794 1735 2853 autem
1800 2787 1877 2851 de
1920 2786 2175 2853 illorum
2220 2786 2568 2852 homimum
2612 2808 2877 2873 pauper-

641 2920 772 2977 tate
819 2920 1170 2989 narrantur,
1220 2912 1374 2977 mihi
1417 2912 1668 2996 quidem
1714 2912 1831 2978 hoc
1866 2911 2189 2977 ostendere
2226 2912 2538 2994 videntur,
2577 2936 2681 2978 eos
2718 2936 2881 2978 sem-

645 3062 752 3127 per
794 3039 1192 3119 intellexisse,
1241 3039 1397 3105 nibil
1435 3041 1630 3126 magis
1668 3038 1788 3104 sibi
1824 3038 2167 3105 cavendum
2191 3062 2342 3119 esse,
2371 3062 2561 3123 quam
2587 3062 2663 3105 ne
2687 3040 2883 3103 nimie

645 3164 878 3231 divitiis
941 3166 1325 3231 ostentandis
1370 3167 1438 3229 in
1481 3165 1778 3231 invidiam
1828 3174 1894 3231 et
1936 3166 2151 3231 odium
2198 3166 2608 3231 incurrerent.
2652 3168 2881 3250 Itaque

648 3314 892 3358 summo
935 3292 1144 3357 studio
1188 3291 1571 3372 nitebantur,
1621 3301 1693 3357 ut
1737 3314 1863 3357 non
1902 3292 2417 3358 existimationem
2442 3316 2621 3358 snam
2644 3292 2884 3358 divitiis

715 3566 766 3633 1)
801 3565 908 3616 val.
943 3562 1078 3617 Max.
1111 3566 1196 3616 lx.
1233 3567 1280 3617 8.
1317 3566 1362 3616 l.
1766 3567 1823 3634 2)
1860 3566 1968 3617 Vel.
2002 3567 2135 3617 Mu.
2170 3567 2242 3618 ΙΙ.
2278 3568 2326 3616 9.
2362 3568 2413 3616 6.

715 3658 769 3721 8)
806 3658 882 3708 Cf.
905 3660 1178 3709 Mommsen
1197 3660 1254 3707 R
1268 3659 1326 3709 G.
1342 3660 1380 3709 Ι.
1395 3675 1503 3725 pag.
1521 3660 1618 3709 304
1639 3676 1697 3709 n:
1720 3698 1749 3718 ‚
1764 3659 1857 3709 Die
1874 3658 2089 3709 Armuth
2106 3659 2192 3709 der
2209 3658 2477 3708 consulare
2492 3658 2652 3708 dieser
2670 3658 2887 3724 lamehe,

651 3750 836 3801 welche
887 3751 940 3801 iu
987 3750 1081 3801 den
1130 3750 1460 3801 monlisehen
1507 3750 2010 3801 Aneedotenbnehern
2054 3750 2141 3800 der
2174 3754 2401 3816 spitercn
2435 3752 2543 3799 zeit
2578 3752 2688 3801 eine
2721 3767 2888 3815 grosse

650 3840 798 3891 Belle
839 3842 1006 3907 spielt.
1051 3841 1228 3893 beruht
1269 3842 1622 3907 grossentheils
1666 3842 1760 3891 auf
1800 3838 2258 3892 Mimantiudniss
2302 3842 2455 3891 theils
2484 3842 2570 3891 des
2598 3842 2739 3891 'alten
2774 3859 2889 3908 spu·

650 3948 814 3985 umen
849 3932 1244 3993 wirtsehnnens,
1278 3934 1486 3984 welches
1521 3934 1622 3985 sich
1659 3934 1800 3984 recht
1832 3942 1921 3999 gut
1954 3935 2050 3984 mit
2086 3934 2433 3983 ansehnliehen
2465 3919 2758 4002 Wohlstand
2789 3952 2893 3985 vcr-

651 4030 798 4092 tragt.
845 4024 998 4077 thail·
1043 4026 1130 4077 der
1173 4026 1310 4077 alten
1357 4026 1568 4077 schfinen
1608 4028 1736 4077 Siue
1772 4026 2020 4076 verdiente
2054 4026 2265 4075 Miner
2302 4042 2391 4077 ans
2416 4026 2533 4075 'dem
2570 4026 2756 4091 Ertrng
2790 4043 2885 4075 von

651 4116 1142 4183 Pauuingeoneoteu
1169 4134 1230 4169 su
1263 4118 1530 4179 bestatten,
1563 4134 1660 4167 vas
1690 4116 1933 4167 durchans
1960 4118 2107 4167 keine
2134 4116 2621 4182 Armcnbecrdignng
2645 4118 2727 4169 ist.
2746 4117 2887 4167 Anch

643 4208 725 4261 di·
761 4208 1263 4263 amonendi-susen-
1297 4210 1850 4275 Beinumenerklirnng.
1886 4210 1967 4261 die
1984 4210 2143 4261 soviel
2159 4209 2612 4261 Plethcitcnindie
2628 4210 2887 4260 Bomische

656 4302 946 4355 Gescbichte
981 4302 1213 4371 gabr-0112
1248 4302 1352 4365 hat,
1383 4302 1473 4355 bat
1509 4302 1681 4355 hieran
1717 4302 1859 4353 ihm
1896 4302 2101 4371 Boitrng
2134 4301 2412 4370 gelieferc’
