3350 5250
1784 541 1949 604 16.

708 753 790 818 ist
837 753 940 817 dic
985 751 1349 818 historische
1395 751 1689 816 Existenz
1732 750 1843 816 ‘der
1888 751 2001 816 suf
2039 751 2141 818 die
2180 749 2389 816 selben
2426 750 2667 816 zuriick
2692 749 2978 836 gefiihr·

707 886 814 943 ten
841 875 1163 956 ,Gesetzen
1218 877 1346 942 und
1394 875 1845 941 Instutitioncn
1894 875 2397 942 unbestreitbar”
2428 873 2505 962 ¹).

799 1003 939 1068 Jam
1003 1001 1339 1068 Romulum
1404 1004 1599 1088 igitur
1661 999 2041 1068 intellexisse
2095 1002 2409 1088 patricioS,
2455 1023 2581 1086 quo
2648 1001 2863 1086 magis
2918 1022 2989 1063 se

710 1151 949 1195 morum
1008 1129 1370 1213 integritate
1432 1129 1826 1213 corporisque
1873 1127 2241 1216 fortitudine
2286 1127 2831 1226 commendarent,
2898 1148 2983 1190 eo

711 1254 954 1320 facilius
1032 1253 1236 1340 plebei
1316 1253 1763 1333 dominaturos,
1836 1253 2000 1320 haud
2073 1252 2437 1318 dubitanter
2504 1253 2989 1332 affirmaverim,

714 1403 906 1466 quum
985 1379 1312 1465 Dionysius
1359 1379 1915 1458 Halicarnassensis
1980 1380 2209 1462 ,,Ὀρῶν
2252 1379 2410 1460 γάρ”
2458 1379 2667 1463 inquit
2708 1428 2752 1454 „
2774 1378 2875 1444 ὅτι
2916 1378 2991 1444 τὸ

703 1505 1012 1588 ,ζωφρόνως
1055 1505 1162 1587 ζῆν
1205 1503 1483 1578 ἅπαντας
1527 1503 1631 1570 καὶ
1677 1507 1760 1570 τά
1804 1505 2002 1570 δίκαια
2042 1507 2145 1584 πρὸ
2184 1508 2297 1569 τῶν
2321 1504 2637 1587 κερδαλέων
2661 1495 2977 1586 αἱρεῖσθαι

714 1633 1010 1715 καρτερίαν
1069 1657 1135 1698 τε
1195 1634 1301 1705 την
1347 1633 1482 1714 πρὸς
1526 1631 1657 1706 τοὺς
1703 1630 1907 1706 πόνους
1951 1633 2156 1698 ἀσκεῖν
2202 1629 2307 1696 καὶ
2353 1631 2537 1710 μηδὲν
2585 1628 2989 1710 ὑπολαμβά-

716 1783 824 1823 νειν
861 1765 1077 1840 χρῆμα
1119 1759 1450 1840 τιμιώτερον
1496 1761 1702 1838 ἀρετῆς
1750 1759 1811 1822 οῦ
1858 1757 2043 1837 λόγων
2089 1758 2313 1838 διδαχῇ
2361 1756 2793 1838 παραγίνεσθαι
2839 1762 2983 1827 τοῖς

719 1890 1034 1956 πολιτικοῖς
1079 1883 1322 1957 πλήθεσι
1367 1881 1648 1965 πέφυκεν,
1696 1883 1753 1946 ἐν
1792 1877 1871 1954 οἷς
1909 1883 1975 1948 τὸ
2013 1880 2214 1948 πλεῖόν
2258 1883 2380 1947 ἐστι
2421 1880 2789 1961 δυσάγωγον,
2820 1881 2985 1947 ἀλλ’

721 2005 897 2089 ἔργων
954 2010 1210 2087 ἐθισμοῖς
1267 2011 1380 2072 τῶν
1438 2008 1575 2088 πρὸς
1633 2005 1887 2081 ἑκάστην
1946 2005 2154 2091 ἀρετὴν
2212 2006 2493 2086 ἀγόντων,
2538 2008 2639 2072 ὑπ’
2686 2005 2986 2086 ἀνάγκης

721 2157 787 2197 τε
847 2137 1080 2211 μᾶλλον
1141 2131 1173 2207 ἥ
1233 2131 1396 2198 κατα
1438 2133 1679 2212 γνώμην
1724 2132 1818 2197 ἐπ’
1865 2132 2027 2198 αὐτοὶ
2073 2132 2207 2207 τοὺς
2254 2133 2507 2207 πολλοὺς
2555 2131 2981 2215 παραγινομέ-

724 2282 868 2332 νους,
936 2260 983 2324 εἱ
1049 2257 1110 2324 δὲ
1173 2259 1358 2339 μηδὲν
1419 2256 1501 2333 εἵη
1560 2259 1625 2324 τὸ
1685 2261 1939 2324 κωλῦσον
1998 2257 2099 2323 ἐπὶ
2142 2259 2249 2332 την
2294 2258 2472 2342 φύσιν
2520 2259 2975 2332 ὀλισθαίνοντας

723 2383 901 2458 εἰδὼς,
947 2384 1296 2466 ἐπιδιφρίους
1343 2384 1453 2462 μὲν
1507 2382 1612 2450 καὶ
1657 2384 1993 2463 βαναύσους
2038 2383 2141 2452 καὶ
2187 2386 2606 2467 προσαγωγοὺς
2650 2387 2984 2466 ἐπιθυμιῶν

729 2511 984 2591 αἰσχρῶν
1027 2510 1273 2591 τέχνας,
1320 2513 1394 2584 ὦς
1439 2509 1846 2593 ἀφανιζούσας
1884 2510 1989 2577 καὶ
2029 2511 2467 2591 λυμαινομένας
2505 2511 2587 2578 τά
2608 2537 2675 2576 τε
2696 2513 2980 2592 σώματα

725 2636 831 2703 καὶ
878 2638 988 2711 τὰς
1030 2637 1245 2719 ψυχὰς
1290 2641 1402 2702 τῶν
1449 2636 2034 2719 μεταχειριζομένων,
2082 2638 2299 2711 δούλοις
2335 2637 2437 2704 καὶ
2474 2634 2655 2714 ξένοις
2693 2638 2980 2704 ἀπέδωκε

731 2762 1088 2843 μεθοδεύειν”
1116 2762 1184 2845 5²).
1231 2762 1504 2843 Etenim,
1553 2770 1626 2827 ut
1671 2763 1822 2828 haec
1866 2763 1956 2827 ita
1994 2763 2324 2844 ordinaret,
2351 2764 2606 2830 eandem
2632 2764 2801 2851 apud
2828 2763 2955 2828 Ro-

735 2889 972 2955 mulum
1023 2889 1326 2953 rationem
1373 2888 1636 2954 valuisse
1680 2888 1968 2970 arbitror,
2013 2912 2199 2975 quam
2246 2882 2414 2977 apud
2452 2889 2833 2977 Lycurgum,
2880 2891 2965 2957 de

728 3038 854 3100 quo
901 2982 1274 3080 Plutarchus
1319 3015 1384 3079 in
1429 3014 1558 3079 vita
1603 3014 1845 3080 Solonis
1868 3017 1955 3101 3)·
2000 3017 2148 3097 ,,Τῷ
2195 3039 2305 3094 μεν
2351 3040 2465 3097 γαρ
2507 3003 2821 3098 Λυκούργῳ
2862 3038 2973 3081 και

729 3137 896 3204 πόλιν
940 3139 1178 3205 οἰκοῦντι
1223 3138 1480 3220 καθαράν
1523 3138 1707 3220 ὄχλου
1752 3137 1970 3217 ξενικοῦ
2009 3164 2113 3207 και
2151 3141 2349 3223 χώραν
2386 3141 2793 3224 κεκτημένῳ,
2814 3156 2971 3207 πολ-

731 3272 874 3330 λοῖσι
921 3264 1164 3338 πολλὴν,
1199 3264 1284 3339 δίς
1324 3265 1586 3330 τοσοῖσδε
1624 3266 1905 3331 πλείονα”
1942 3268 2078 3333 κατ’
2104 3267 2420 3349 Εὐριπίδην
2442 3248 2581 3342 καλ·
2595 3270 2659 3334 τὸ
2684 3267 2973 3347 μέγιστον

731 3393 1020 3457 εἱλωτικοῦ
1066 3391 1336 3467 πλήθους,
1382 3392 1410 3457 ὅ
1456 3376 1765 3471 βέλτιστον
1812 3388 1879 3469 ἦν
1918 3393 2004 3473 μη
2046 3393 2288 3475 σχολάζ
2288 3418 2383 3468 ειν,
2425 3395 2595 3460 ἀλλά
2631 3394 2973 3476 τριβόμενον

733 3517 829 3583 ἀεὶ
873 3518 972 3585 καὶ
1017 3523 1220 3584 πονοῦν
1264 3519 1691 3591 ταπεινοῦσθαι,
1730 3518 2180 3601 περικεχυμένου
2218 3528 2291 3599 τῇ
2318 3504 2735 3598 Λακεδαίμονι,
2768 3523 2971 3590 καλῶς

728 3639 887 3726 εἶχεν
931 3646 1229 3726 ἀσχολιῶν
1273 3643 1549 3709 ἐπιπόνων
1593 3643 1696 3710 καὶ
1746 3644 2060 3722 βαναύσων
2105 3642 2558 3719 ἀπαλλάξαντα
2610 3645 2743 3718 τοὺς
2796 3643 2969 3711 πολί-

738 3784 850 3833 τας
909 3758 1172 3841 συνέχειν
1231 3760 1289 3824 ε’ν
1333 3767 1455 3833 τοῖς
1501 3758 1717 3832 ὅπλοις,
1766 3758 1911 3837 μιαν
1960 3758 2176 3840 τέχνην
2220 3757 2445 3832 ταύτην
2492 3760 2969 3838 ἐκμανθάνοντας

739 3882 842 3950 καὶ
910 3884 1312 3958 ἀσκοῦντας.”
1385 3884 1478 3949 Ex
1544 3884 1756 3949 eadem
1824 3884 1888 3949 ni
1958 3883 2139 3948 fallor
2210 3884 2448 3949 ratione
2515 3884 2775 3949 ductum
2836 3889 2969 3949 erat

740 4010 906 4095 quod
973 4012 1036 4075 in
1107 4012 1390 4097 Aegypto
1449 4017 1513 4074 et
1572 4008 1760 4075 Creta
1822 4011 1956 4095 lege
2018 4016 2149 4075 erat
2212 4012 2625 4077 constitutum
2672 4000 2963 4093 διῃρῆσθαι

813 4310 865 4375 1)
902 4309 1051 4373 Voigt
1085 4308 1120 4361 l.
1157 4308 1193 4361 1.
1228 4324 1337 4373 pag.
1372 4304 1486 4360 807.
1888 4308 1941 4374 2)
1978 4308 2045 4357 ΙΙ.
2082 4307 2163 4358 28.
2644 4307 2698 4372 3)
2733 4304 2850 4373 Cap.
2885 4304 2964 4357 22.
