3350 5250
1529 628 1614 689 43

551 831 768 918 Longe
811 831 1081 918 plurima
1121 850 1264 899 vero
1301 833 1689 920 corruptelae
1728 831 2018 899 exstitere
2040 832 2467 912 invitamenta,
2491 853 2684 917 quum

459 958 794 1029 ditissimos
855 957 1120 1025 Romani
1178 957 1294 1024 sibi
1355 959 1756 1046 subjecerunt
1799 957 2093 1024 Graeciae
2141 957 2449 1043 Asiaeque
2491 979 2690 1045 popu·

458 1084 587 1166 los3
633 1083 922 1152 victoriae
969 1086 1130 1151 enim
1169 1086 1249 1163 de
1285 1084 1685 1167 Macedoniis„
1726 1084 1988 1164 Aetolis,
2031 1084 2243 1171 Syriis,
2261 1059 2691 1169 Gallograecis

459 1216 804 1306 reportatae
851 1232 974 1280 una
1020 1232 1162 1277 cum
1203 1211 1438 1279 divitiis
1479 1214 1837 1298 peregrinos
1859 1190 2343 1299 importaveraut
2368 1231 2586 1290 mores,
2612 1190 2690 1274 ad

460 1335 797 1415 luxuriem,
867 1335 1199 1421 ignaviam,
1263 1336 1589 1403 mollitiem
1635 1336 2049 1423 compositos.
2114 1333 2305 1412 Modo
2365 1334 2691 1401 audiamus

462 1462 750 1533 Livium:
813 1460 1189 1543 „Luxuriae
1235 1464 1398 1529 enim
1446 1464 1807 1550 peregrinae
1852 1464 2023 1549 origo
2069 1460 2147 1527 ab
2194 1462 2469 1553 exercitu
2520 1438 2729 1527 Asia-⁵

462 1592 590 1657 tico
652 1591 900 1657 invecta
964 1590 1032 1657 iu
1104 1588 1324 1656 urbem
1393 1598 1504 1657 est.
1566 1591 1626 1656 Ii
1685 1591 1952 1677 primum
2018 1590 2213 1655 lectos
2272 1596 2531 1669 aeratos,
2595 1612 2693 1655 ve·

351 1788 358 1795 ,
463 1723 620 1783 stem
685 1717 1030 1801 stragulam
1090 1717 1445 1803 pretiosam,
1506 1716 1791 1810 plagulas
1836 1722 1901 1781 et
1946 1716 2069 1780 alia
2112 1714 2353 1780 textilia
2392 1720 2484 1796 et,
2532 1736 2721 1799 quae·

465 1848 600 1909 tum
663 1843 1023 1928 magnificae
1085 1841 1530 1929 suppellectilis
1575 1840 1980 1919 habebantur,
2034 1840 2402 1927 monopodia
2447 1847 2513 1905 et
2556 1839 2696 1907 aba·

465 1990 570 2035 cos
627 1967 890 2037 Romam
945 1969 1347 2037 advexerunt.
1409 1968 1570 2034 Tum
1633 1968 1923 2055 psaltriae
1984 1967 2579 2053 sambucistriaeque
2630 1974 2695 2033 et

466 2092 810 2161 convivalia
869 2094 1163 2161 ludorum
1223 2092 1674 2161 oblectamenta
1732 2086 1949 2160 'addita
1994 2094 2195 2180 epulis
2208 2121 2228 2175 3
2276 2093 2498 2179 epulae
2543 2077 2694 2178 quo·-

466 2241 589 2304 que
649 2218 817 2306 ipsae
877 2225 942 2288 et
1001 2242 1149 2285 cura
1194 2228 1258 2286 et
1299 2226 1557 2305 sumptu
1604 2221 1833 2306 majore
1878 2220 2161 2307 apparari
2204 2226 2482 2317 coeptae.
2530 2217 2692 2284 Tum

466 2367 728 2430 ecquae,
795 2345 1162 2413 vilissimum
1230 2347 1506 2431 antiquis
1576 2347 1954 2435 mancipium
2016 2355 2082 2412 et
2140 2346 2570 2413 aestimatione
2630 2351 2698 2411 et

469 2493 609 2549 usu,
678 2472 744 2537 in
805 2472 1007 2559 pretio
1069 2496 1218 2551 esse,
1267 2478 1330 2539 et
1391 2472 1558 2557 quod
1606 2472 2020 2538 ministerium
2068 2472 2291 2553 fuerat,
2339 2494 2439 2536 ars
2484 2468 2697 2535 haberi

465 2595 720 2685 coepta''
747 2598 818 2685 1).
843 2597 1077 2666 Eodem
1101 2598 1227 2665 fere
1249 2598 1412 2665 redit
1436 2598 1626 2665 Plinii
1649 2600 2072 2666 testimonium
2096 2623 2110 2664 ε
2136 2596 2460 2679 „Victoria
2484 2605 2693 2664 tamen

465 2723 576 2793 illa
635 2723 910 2811 Pompeji
969 2726 1240 2811 primum
1303 2725 1380 2790 ad
1429 2702 1789 2812 margaritas
1834 2747 2229 2812 gemmasque
2280 2747 2477 2790 mores
2520 2723 2695 2789 incli-

467 2817 664 2932 navit,
734 2851 958 2916 sicut
1023 2849 1100 2916 L.
1170 2852 1600 2938 Scipionis
1663 2859 1744 2917 et
1802 2851 1933 2919 Cn.
1995 2851 2259 2918 Manli
2304 2850 2397 2916 ad
2442 2850 2699 2915 caela-

467 2987 636 3048 tum
701 2987 1128 3066 argentum
1201 2987 1280 3044 et
1345 2989 1616 3045 vestes
1687 2980 2103 3046 Attalicas
2163 2988 2243 3043 et
2306 2977 2697 3043 triclinia

467 3083 780 3188 aerata,
849 3106 1069 3186 sicut
1151 3104 1224 3173 L.
1294 3104 1620 3172 Mummi
1704 3106 1794 3170 ad
1861 3103 2300 3171 Corinthia
2368 3124 2564 3168 vasa
2620 3109 2700 3167 et

429 3225 434 3229 ⁴
469 3241 496 3297 t
512 3256 548 3297 a
564 3232 603 3297 b
623 3231 758 3297 ula
773 3256 802 3297 s
867 3255 910 3318 p
929 3233 951 3296 i
969 3255 1001 3296 c
1018 3239 1048 3296 t
1063 3255 1142 3296 as
1156 3233 1194 3262 '’
1231 3235 1302 3319 2).
1364 3231 1551 3298 Hisce
1613 3201 1901 3298 omnibus
1958 3233 2047 3297 ita
2110 3215 2413 3297 nobilium
2464 3235 2701 3295 mentes

468 3359 926 3442 inficiebantur,
971 3366 1046 3425 ut
1088 3381 1354 3444 quorum
1401 3359 1638 3426 semina
1673 3361 1803 3445 jam
1850 3360 2129 3437 aderant,
2154 3363 2503 3424 crescerent
2523 3355 2694 3436 vitia,

470 3494 535 3554 et
579 3486 935 3571 frequentes
982 3487 1323 3551 existerent
1368 3484 1438 3550 P.
1486 3485 1700 3550 Rufini
1745 3486 2089 3550 imitatores
2112 3487 2186 3570 ⁸).
2298 3527 2301 3541 ι

467 3836 609 3888 stand
655 3835 922 3900 beseitigen
968 3834 1154 3894 wollte,
1198 3833 1308 3884 dass
1357 3832 1942 3898 Regiorungsmitglieder
1992 3834 2083 3883 mit
2118 3831 2204 3882 der
2238 3832 2517 3898 Regierung
2550 3832 2705 3882 selbst

467 3929 726 3979 Geschfifte
772 3927 1024 3985 machtem
1072 3943 1122 3976 es
1161 3928 1292 3976 kann
1329 3925 1453 3976 auch
1489 3927 1609 3984 sein,
1647 3926 1756 3974 dass
1789 3925 1867 3974 die
1904 3925 2230 3991 Capitalisten
2265 3924 2373 3975 hier
2410 3924 2575 3987 sehon,
2612 3925 2702 3974 wie

468 4027 631 4088 spiter
663 4039 716 4071 so
751 4021 841 4080 oft,
879 4021 973 4070 mit
1005 4020 1090 4069 der
1123 4007 1540 4068 democratischen
1582 4007 1748 4068 Partei
1786 4017 2267 4081 gemeinschaftliche
2297 4016 2449 4066 Sache
2478 4002 2704 4081 gemacht

470 4113 568 4163 und
600 4111 682 4162 die
706 4110 1030 4175 Gelegenheit
1063 4110 1488 4174 wahrgenommen
1528 4109 1704 4169 haben,
1740 4109 1891 4158 durch
1927 4108 2018 4158 den
2056 4107 2350 4158 Ausscbluas
2382 4107 2469 4157 der
2505 4108 2706 4158 Senato-

467 4219 554 4255 που
589 4202 670 4252 die
701 4201 1010 4252 Oeneurrenz
1043 4217 1104 4250 zu
1139 4201 1467 4252 verminderu.

543 4295 591 4360 1)
622 4293 838 4345 XXXIX.
874 4295 922 4343 6.
958 4297 1004 4345 5.
1038 4309 1168 4358 seqq.
1563 4295 1616 4357 2)
1654 4293 1721 4343 H.
1756 4293 1819 4342 N.
1855 4291 2097 4344 xxxva.
2131 4293 2179 4342 1.
2216 4293 2262 4343 6.

540 4386 595 4453 Β)
633 4387 854 4452 Longum
890 4391 964 4435 est
1001 4386 1122 4436 haee
1156 4384 1444 4451 singulatim
1477 4387 1642 4436 omnia
1674 4385 1933 4454 explicare.
1969 4385 2043 4435 De
2078 4384 2311 4452 Scipione
2338 4373 2399 4434 ef:
2432 4384 2539 4436 val.
2571 4367 2706 4438 Max.
