3350 5250
1577 515 1655 575 61

399 721 524 781 τῶν
577 719 774 785 δυοῖν
835 721 1142 804 δραχμῶν
1187 719 1292 786 καὶ
1341 721 1584 799 ἡμίσους
1629 723 1735 786 οὐκ
1779 722 2058 803 ἐπέτρεπε
2103 721 2177 808 Ν.
2222 721 2393 803 κρέως
2434 721 2497 786 δὲ
2534 745 2747 790 καπνι-

407 847 566 906 στοῦ
645 846 1134 911 πεντεκαίδεκα
1199 845 1475 910 τάλαντα
1535 846 1811 910 δαπανᾶν
1870 847 1949 919 εἰς
2004 847 2101 911 τὸν
2147 847 2405 912 ἐνιαυτὸν
2450 848 2749 928 ἐπεχώρει,

409 965 524 1030 καὶ
585 965 726 1034 ὅσοι
789 980 888 1049 γῆ
935 971 1093 1054 φέρει
1140 970 1392 1051 λάχανα
1440 970 1543 1036 καὶ
1592 971 1831 1053 ὀσπρίων
1876 971 2237 1052 ἐφήμερα-αἶ’
2284 971 2397 1056 (Of.
2424 971 2751 1057 Plin.l.1.)

515 1095 738 1160 Haec
824 1097 942 1160 etsi
1002 1097 1104 1162 cui
1168 1097 1327 1162 forte
1390 1097 1645 1161 minoris
1706 1097 2003 1164 momenti
2066 1121 2195 1162 esse
2244 1098 2560 1179 videntur,
2610 1098 2751 1163 ideo

414 1223 671 1284 tamen
735 1245 880 1287 non
937 1222 1491 1308 praetermittenda
1538 1223 1882 1301 censebam,
1934 1225 2079 1307 quia
2127 1222 2447 1308 sperabam
2498 1224 2629 1288 fore
2679 1229 2799 1287 ut-

421 1346 788 1410 nonnihil
838 1347 1114 1411 valerent
1154 1348 1229 1412 ad
1268 1347 1772 1432 intelligendum,
1816 1349 2340 1432 quemadmodum
2367 1348 2498 1414 fieri
2525 1355 2749 1434 posset,

427 1476 517 1532 ut
589 1469 998 1559 Macrobius
1065 1472 1129 1536 in
1191 1473 1330 1558 lege
1393 1472 1680 1537 Cornelia
1729 1472 2049 1538 referenda
2097 1482 2307 1561 aperte
2356 1487 2491 1538 cum
2544 1473 2750 1539 Gellio

397 1604 830 1680 -pugnaret.
893 1596 1064 1677 Quid
1128 1598 1294 1662 enim
1357 1599 1409 1662 si
1471 1605 1842 1678 statuamus,
1915 1599 2070 1683 legis
2133 1600 2337 1685 capita
2386 1599 2747 1684 singulatim
2836 1623 2845 1632 ·

441 1721 730 1784 tradita
802 1745 932 1786 esse
1001 1729 1067 1786 et
1135 1723 1327 1787 alium
1403 1723 1572 1788 aliud
1645 1723 1763 1787 sub
1826 1695 2022 1788 oculis
2086 1723 2415 1789 habuisse?
2476 1722 2751 1789 Omnino

447 1853 711 1912 autem
760 1849 955 1914 satius
999 1850 1162 1913 duco
1202 1850 1360 1914 hanc
1402 1849 1762 1935 explicandi
1805 1850 1963 1914 viam
1999 1851 2175 1930 inire,
2201 1873 2388 1935 quam
2420 1851 2672 1916 Bacchii
2700 1848 2747 1936 ¹)

456 1972 853 2058 exemplum
899 1974 1095 2058 seq-ui,
1144 1975 1254 2059 qui
1305 1981 1375 2038 ut
1415 1972 1802 2039 Macrobium
1848 1996 1989 2038 cum
2034 1973 2334 2039 Gellioin
2358 1975 2749 2040 concordiam

463 2096 832 2182 redigeret,
895 2122 1048 2163 non
1113 2107 1176 2164 et
1239 2121 1382 2164 nec
1448 2100 1877 2186 accipiendum
1925 2098 2175 2186 putavit
2221 2123 2331 2187 pro
2382 2123 2536 2166 non
2586 2109 2751 2166 tan-

467 2228 701 2305 tum,
751 2247 1023 2290 verum
1071 2248 1183 2312 pro
1231 2248 1503 2290 verum
1553 2226 1839 2291 etiam!
1892 2226 2013 2292 Sed
2064 2227 2387 2291 redeamus
2434 2227 2511 2292 ad
2560 2226 2747 2312 leges.
2792 2307 2801 2315 ·

1402 2443 1524 2488 LEX
1572 2443 1835 2490 FANNIA.

587 2637 652 2680 a.
724 2613 1084 2704 Athenaeus
1155 2609 1261 2676 VI.
1338 2614 1484 2676 108.
1529 2610 1877 2707 ,‚'Exbasus
1944 2610 1996 2676 δ’
2078 2612 2105 2677 ὅ
2174 2609 2346 2690 νόμος
2413 2615 2575 2695 τριῶν
2638 2612 2748 2692 μὲν

493 2740 775 2813 πλείονας
843 2743 955 2803 τῶν
1018 2736 1126 2813 ἔξω
1189 2745 1296 2811 τῆς
1360 2738 1542 2811 οἰκίαις
1607 2736 1695 2815 μὴ
1757 2737 2166 2818 ὑποδέχεσθαι,
2229 2740 2367 2804 κατ’
2414 2714 2633 2823 ἀγορὰν
2680 2737 2744 2805 δὲ

495 2869 615 2929 τῶν
661 2863 898 2939 πέντε.”
1639 2914 1646 2917 -

592 2989 649 3053 b.
712 2986 875 3050 Gell.
931 2985 1028 3050 ΙΙ.
1093 2988 1198 3049 24.
1264 2988 1324 3051 3.
1386 3032 1508 3063 ‚,..
1540 2997 1591 3048 .’.
1628 2984 2011 3051 lex-Fannia
2056 2986 2185 3051 lata
2230 2995 2340 3067 est,
2391 3009 2596 3071 quae
2642 2988 2749 3051 lu·

505 3112 630 3178 dis
675 3112 1112 3191 -RomaniS,
1177 3111 1372 3175 item
1440 3111 1673 3175 ludis
1733 3109 2096 3196 plebejis
2158 3122 2234 3175 et
2284 3112 2747 3177 Saturnali-

504 3236 646 3303 bus
706 3246 784 3302 et
843 3217 1036 3302 a‘liis
1099 3235 1613 3321 quibusdam,
1655 3234 1951 3300 diebus
2012 3236 2091 3300 in
2140 3237 2524 3321 singulos
2570 3236 2749 3301 dies

503 3369 900 3428 centenos
947 3362 1162 3450 aeris
1206 3362 1511 3425 insumi
1557 3361 2018 3438 concessit,
2066 3360 2501 3444 decemque
2549 3359 2750 3425 aliis

445 3487 797 3573 ‚diebus
880 3488 962 3551 in
1030 3486 1412 3571 singulis„
1468 3484 1895 3550 mensibus
1966 3484 2367 3565 tricenOS,
2438 3460 2750 3550 ceteris

501 3620 770 3702 autem
817 3610 1112 3680 diebus
1159 3612 1540 3675 omnibus
1587 3610 1903 3676 denos?
2211 3692 2229 3707 η

523 3756 526 3759 ’
592 3740 741 3804 Ath.
789 3738 836 3805 l.
879 3737 922 3804 1.
967 3785 1007 3817 „
1026 3739 1260 3817 ὀψωνεῖν
1305 3734 1368 3801 δὲ
1413 3735 1670 3807 πλείονος
1714 3738 1827 3799 τῶν
1866 3734 2020 3799 δυοῖν
2062 3734 2351 3824 δραχμῶν
2374 3732 2479 3798 καὶ
2506 3733 2749 3811 ἡμίσους

501 3866 604 3929 οὐκ
647 3860 983 3945 ἔπέτρεπε.”

592 4012 642 4054 c.
688 3989 853 4055 Plin.
903 3988 984 4053 H.
1033 3986 1119 4052 N.
1165 3976 1245 4051 X.
1295 3991 1399 4055 50.
1453 3990 1600 4052 139.
1644 4036 1683 4065 „
1704 3984 1986 4051 Gallinas
2024 3985 2303 4075 saginare
2350 3984 2588 4049 Deliaci
2614 4008 2749 4050 coe·

569 4252 621 4309 1)
657 4252 714 4303 In
753 4250 884 4300 notis
917 4250 978 4299 ad
1013 4250 1107 4301 lib.
1143 4250 1208 4301 11.
1245 4250 1296 4299 2.
1331 4248 1360 4313 ἓ
1392 4247 1474 4301 74.

1673 5207 1676 5210 .
1706 5209 2248 5247 ὮἫἸΪἫ
