3350 5250
1554 534 1630 599 71

469 760 596 823 quo
658 740 736 803 iis
783 740 1149 823 permissum
1197 746 1353 819 erat,
1402 762 1586 824 quem
1637 739 1870 805 vellent
1917 744 2189 806 tutorem
2237 740 2404 826 ipsae
2452 739 2567 805 sibi
2614 739 2723 805 eli-

467 876 615 955 gere
644 862 717 949 1).
789 864 1003 945 Quum
1069 865 1360 929 mulieres
1421 865 1618 949 igitur
1677 864 1743 929 in
1808 864 1939 932 vita
1984 864 2227 949 privata
2275 886 2405 927 eam
2454 860 2716 948 adeptae

468 993 677 1059 essent
740 986 1116 1066 libertatem,
1180 1010 1340 1071 quae
1401 1010 1438 1052 a
1500 987 1923 1056 Romanorum
1971 980 2247 1053 moribus
2295 994 2367 1051 et·
2411 986 2720 1053 institutis

467 1132 718 1197 prorsus
764 1110 1139 1191 abhorreret,
1188 1112 1540 1199 periculum
1590 1111 1925 1192 oriebatur,
1976 1134 2054 1177 ne
2079 1111 2165 1175 -in
2217 1109 2400 1177 rebus
2446 1110 2716 1207 publicis

467 1258 723 1321 quoque
782 1258 854 1303 eo
915 1246 1264 1311 crescerent
1325 1236 1722 1304 auctoritatis
1770 1242 1834 1301 et
1879 1236 2216 1322 potentiae,
2266 1228 2342 1299 ut
2388 1236 2549 1301 viros
2596 1236 2715 1301 sibi

463 1357 768 1427 obnoxios
851 1362 1052 1427 facere
1124 1369 1522 1429 conarentur.
1593 1362 1821 1448 Neque
1874 1385 2117 1429 ¹vanum
2189 1363 2379 1449 hujus
2450 1365 2714 1449 periculi

470 1491 704 1551 metum
767 1486 958 1552 fuisse
1020 1488 1246 1552 docent
1295 1487 1478 1553 verba
1525 1486 1777 1552 Catonis
1823 1488 1988 1574 apud
2039 1487 2317 1555 Gellium
2366 1488 2583 1555 XV11.·
2639 1492 2714 1553 6:

463 1610 845 1697 „Principio
894 1611 1066 1676 vobis
1112 1611 1335 1680 mulier
1381 1632 1666 1697 magnam
1710 1613 1920 1681 dotem
1962 1612 2201 1690 attulit,
2244 1621 2380 1679 tum
2424 1636 2706 1699 magnam

465 1738 792 1823 pecuniam
863 1737 1102 1822 recipit,
1172 1760 1358 1821 quam
1418 1738 1483 1803 in
1548 1738 1663 1803 viri
1727 1745 2097 1824 potestatem
2146 1762 2272 1808 non
2322 1740 2711 1819 committat;

465 1885 597 1927 eam
661 1862 985 1955 pecuniam
1052 1863 1180 1927 viro
1229 1870 1514 1931 mutuam
1559 1863 1688 1943 dat,
1734 1870 1968 1949 postea,
2019 1864 2127 1929 ubi
2175 1865 2334 1929 irata
2379 1866 2543 1931 faeta
2589 1874 2706 1946 est,

469 2009 710 2054 servum
759 1986 1160 2073 recepticium
1209 1989 1428 2053 sectari
1475 1994 1664 2072 atque
1712 1988 1992 2073 flagitare
2034 1990 2237 2056 virum
2268 1990 2516 2075 jubet.’'
2543 1979 2719 2056 Fieri'

467 2134 589 2180 non
639 2112 870 2197 potuit,
915 2112 1068 2197 quin
1119 2112 1284 2177 hisce
1325 2114 1586 2180 mutatis
1627 2114 1958 2181 mulierum
2001 2115 2473 2181 conditionibus
2500 2118 2707 2181 omnia

462 2237 976 2302 subverterentur
1023 2238 1087 2301 in
1135 2260 1206 2301 ea
1251 2237 1526 2313 civitate,
1573 2238 1637 2301 in
1687 2260 1813 2322 qua
1859 2238 2129 2303 familiae
2163 2240 2267 2324 jus
2307 2246 2512 2306 totum
2557 2241 2713 2305 nite-

461 2368 638 2427 retur
706 2362 1166 2447 patrisfamilias
1232 2362 1687 2449 omnipotentia
1737 2362 1809 2447 2).
1884 2362 2061 2444 Quae
2133 2384 2325 2447 quum
2398 2366 2489 2427 ita
2561 2365 2705 2446 sint,

449 2487 637 2552 facile
698 2487 1080 2573 intelligitur
1144 2486 1412 2573 Oppiam
1456 2487 1814 2571 similesque
1862 2488 2051 2573 legeS,
2098 2489 2331 2573 quibus
2380 2489 2703 2555 muliebris

458 2612 826 2698 impotentia
877 2619 942 2678 et
984 2613 1248 2702 luxuria·
1273 2612 1778 2699 reprimerentur,
1802 2619 2009 2698 gratas
2033 2613 2367 2680 admodum
2392 2621 2702 2702 acceptas-

459 2761 581 2822 que
625 2739 816 2804 fuisse
861 2739 939 2804 iis
985 2763 1058 2804 ex
1106 2738 1454 2816 nobilitate,
1501 2739 1608 2822 qui
1659 2738 2109 2823 rempublicam
2156 2745 2319 2804 stare
2356 2762 2481 2804 non
2530 2762 2705 2825 posse

451 2864 902 2944 existimarent,
949 2864 1068 2930 nisi
1111 2863 1330 2950 patriis
1373 2863 1690 2930 viveretur
1736 2864 2052 2931 institutis
2098 2871 2287 2950 atque
2339 2865 2633 2930 moribus.

495 3033 498 3038 -
544 2987 774 3054 Eadem
836 2988 1032 3072 igitur
1093 2990 1331 3054 ratione
1393 2989 1725 3069 adductus,
1776 3009 1898 3072 qua
1961 2989 2120 3073 legis
2165 2988 2406 3075 Oppiae
2452 2989 2707 3074 abroga-

454 3113 619 3180 tioni.
677 3137 743 3178 se
810 3113 1120 3199 opposuit,
1184 3112 1340 3178 Cato
1396 3133 1592 3194 ·„voce
1656 3136 1877 3198 magna
1936 3120 2004 3178 et
2068 3113 2245 3179 bonis
2291 3113 2630 3180 lateribus”
2656 3117 2704 3195 3)

453 3238 648 3302 suasit
713 3239 912 3326 legem
981 3237 1344 3304 Voconiam.
1415 3237 1575 3302 Lata
1637 3244 1772 3302 erat
1833 3238 1985 3302 haec
2044 3235 2146 3302 lex
2211 3261 2247 3302 a
2294 3237 2373 3318 Q.
2424 3237 2700 3302 Voconia

456 3366 619 3428 Saxa
665 3363 812 3428 trib.
854 3363 1024 3450 pleb.
1071 3385 1234 3428 anno
1283 3363 1677 3449 585s169l4),
1724 3362 2283 3447 cavebatqueneis
2308 3363 2417 3447 qui
2445 3369 2697 3428 centum

459 3489 626 3554 milia
671 3489 829 3557 aeris
877 3510 1099 3554 census
1145 3495 1327 3568 esset,
1377 3489 1664 3564 heredem
1717 3489 2022 3574 virginem
2076 3489 2477 3578 mulieremve
2525 3489 2699 3555 insti-

455 3682 748 3692 ——-.————

523 3811 574 3875 l)
611 3810 718 3873 Gaj.
757 3811 796 3859 1.
839 3811 948 3866 150.
985 3809 1061 3860 Cf.
1099 3809 1330 3874 praemia,
1366 3825 1486 3874 quae
1527 3825 1556 3857 a
1589 3813 1761 3858 senatu
1798 3807 2035 3856 Feceniae
2072 3807 2309 3872 Hispalae
2339 3812 2541 3872 propter
2573 3807 2698 3856 indi-

445 3902 580 3952 cium
615 3901 674 3952 ds
713 3901 1098 3952 Bacchanalibus
1133 3901 1326 3952 decreta
1363 3907 1506 3960 sunt,
1531 3901 1663 3964 (Liv.
1705 3899 1927 3951 XXXIX.
1967 3901 2043 3952 19.
2084 3900 2153 3964 5).

517 3993 570 4058 2)
609 3992 685 4043 Of.
727 3989 896 4054 Haase,
931 3993 1028 4043 Zur
1062 3993 1141 4042 lex
1179 3992 1410 4042 Voconia.
1448 3993 1600 4058 (Mus
1637 3991 1793 4039 Rhen.
1833 3988 1934 4041 111.
1970 4005 2080 4055 pag.
2104 3991 2245 4056 198);
2286 3991 2449 4056 Lange
2481 3991 2517 4041 1.
2556 3989 2589 4042 l.
2628 3991 2697 4040 ΙΙ.
2759 3974 2767 3980 „

447 4101 556 4151 pag.
592 4083 690 4135 278
727 4099 873 4148 seqq.;
913 4083 1018 4132 Von
1058 4083 1346 4147 Vangerow,
1379 4083 1474 4132 Die
1507 4083 1586 4134 lex
1625 4081 1844 4132 Voconia
1878 4096 1987 4146 pag.
2026 4081 2172 4130 6-8.

517 4177 574 4242 3)
608 4174 709 4228 Cic.
744 4173 850 4226 Cat.
887 4173 1007 4238 Maj.
1044 4191 1086 4226 c.
1123 4176 1165 4224 ὅ.
1213 4220 1226 4232 ,

515 4269 571 4336 4)
610 4247 717 4316 Hoc
749 4281 879 4321 auno
910 4265 1062 4320 latum
1101 4281 1204 4318 esse
1238 4264 1364 4320 hauc
1399 4264 1558 4334 legem
1593 4269 1767 4315 contra
1802 4261 1933 4318 Kind
1971 4262 2054 4331 <de
2090 4263 2198 4330 lege
2234 4261 2396 4327 Voc.),
2424 4263 2601 4330 Zumpt
2618 4262 2695 4324 (ad
